2536 4852
363 496 863 572 etat-ereren.
1037 518 1160 573 mu

78 702 80 717 ¹
107 678 230 744 eastern
254 634 409 759 uleqniaa
430 680 523 739 fracto
540 672 625 737 ·c'anit
643 697 695 737 ore
718 673 867 741 Catullum
899 718 902 723 ,

78 804 85 851 t
147 791 195 848 t'n
221 782 356 845 ltemetin
378 783 498 856 laudae,
535 783 613 845 culte
638 782 867 853 TIBYLLE,
903 791 994 840 tuam.

230 930 339 1005 Iustus
359 926 486 1007 Lipsius
507 926 621 988 Lim.
647 928 724 988 Ver.
744 928 831 987 Leet.
853 945 923 1003 cap.
940 939 992 986 et.

148 1030 390 1096 mvnnvs
415 1032 530 1110 elegans
545 1032 715 1126 cumprimis
728 1039 826 1111 potta,
854 1033 929 1091 etin
944 1031 1026 1090 cuiue
1039 1032 1158 1110 puriffi-

78 1144 124 1207 bia
140 1140 259 1222 seriptis
279 1139 381 1198 nativa
400 1136 543 1217 quaedam
565 1146 595 1197 et
614 1137 770 1198 remacula
789 1138 910 1196 Latinae
930 1137 1047 1215 linguae
1069 1158 1158 1197 mun-

78 1246 138 1309 ttet·
150 1247 272 1307 relucet,

179 1391 315 1473 [sancus
342 1384 537 1468 casaubonus
558 1386 698 1448 lection.
723 1387 872 1449 Theocrit.
894 1408 964 1465 cap.
991 1342 1055 1460 ιγ.Ι
1081 1470 1086 1482 .
1111 1352 1115 1360 .
1149 1350 1152 1357 ⁸

148 1498 315 1555 Conferant
334 1507 430 1551 tamen
453 1488 571 1550 studiosa
591 1492 772 1571 poeticarum
794 1478 1001 1552 amoenitatum
1016 1493 1157 1572 Idyllium

78 1602 200 1663 toccum
214 1607 321 1681 poetae
337 1596 479 1657 cul'tiffimi
494 1596 689 1655 TIBVLLI
702 1596 803 1675 Elegia
816 1611 918 1677 quarte
926 1640 936 1672 ,
957 1598 1036 1657 libro
1048 1599 1156 1679 primo.

78 1708 205 1769 tamilla
218 1705 361 1765 videntur
375 1703 414 1761 ed
429 1702 579 1761 Theocriti
600 1703 789 1760 imitationem
811 1702 905 1787 dicta:

109 1812 248 1873 Carmine
269 1792 420 1888 puipurea
443 1800 484 1865 est
504 1802 565 1865 Nisi
585 1826 684 1865 coma:
717 1807 847 1867 carmina
867 1809 899 1868 ni
920 1804 985 1881 lint,

149 1920 195 1975 Ea
213 1915 339 1972 humero
361 1906 478 1992 Pelopis
501 1932 561 1973 non
583 1910 712 1972 nituiffet
735 1913 818 1972 ebur.

131 2060 317 2139 Fiaeeoiseua
332 2057 461 2119 Mediae
474 2058 553 2121 Stat.
573 2058 674 2119 earm.
692 2067 742 2130 ²5.
760 2079 798 2118 ee
809 2057 941 2139 persona
958 2058 1081 2120 Tibulli.
1174 2070 1179 2093 ¹

112 2168 153 2226 Ut
171 2166 286 2227 Cidnue
302 2165 401 2223 nullas
424 2160 541 2236 sordes,
576 2162 761 2223 nitidiffimue
779 2165 885 2236 omnis,

153 2271 272 2344 Volvit,
312 2283 341 2328 et
364 2290 381 2326 n
403 2269 474 2328 limo
496 2286 589 2347 purus
614 2266 723 2345 ubique
747 2268 826 2327 lluit:

110 2379 158 2436 stc
177 2398 258 2448 mea,
299 2377 447 2433 Romanae
472 2374 548 2444 iuter
570 2371 718 2432 castiss'tma
739 2370 845 2445 Mutis,

152 2482 292 2558 Undique
315 2481 416 2539 nativo
441 2477 518 2537 culta
538 2477 642 2538 decore
665 2479 747 2537 nitet.

110 2589 188 2664 Ergo
208 2586 285 2642 aliae
303 2584 441 2663 placeant
463 2597 569 2643 oruetu
589 2578 670 2642 triane
692 2601 771 2645 mere
798 2576 908 2641 sumto:

155 2687 260 2750 Nostra
284 2686 351 2763 suo,
381 2700 410 2747 et
431 2690 529 2767 patrio
550 2687 572 2747 fi
592 2690 688 2770 placet
709 2710 784 2762 une,
813 2685 857 2746 sat
877 2685 928 2745 est.

175 2814 321 2877 Andreae
340 2813 482 2874 Sehottue
504 2814 575 2874 Lib.
596 2816 623 2876 I.
656 2813 772 2875 Nodor.
793 2816 928 2874 cetron.
947 2832 976 2872 e.
997 2820 1030 2884 7.

78 2920 318 2984 rIBvunvs
343 2932 439 2976 autem
459 2919 576 2997 elegans
599 2922 698 2977 Latini
726 2916 867 2976 semitonia
888 2925 986 2996 poe'ta.
1037 2924 1039 2929 ’

434 3043 521 3104 Idem
543 3042 654 3101 ibidem
680 3065 748 3119 cap.
772 3055 803 3114 8.

153 3146 207 3208 Est
219 3168 313 3226 purus
333 3160 361 3205 et
376 3148 508 3226 elegans,
530 3145 683 3225 bonusque
696 3148 863 3206 Latinitatis
875 3154 976 3205 auctor
995 3144 1159 3207 mvl.-

78 3258 175 3329 LVS,
210 3256 309 3330 Eques
332 3250 444 3330 etipse
466 3255 630 3323 Romanus,
661 3273 717 3329 qua
739 3250 921 3331 tempestate,
955 3264 987 3308 ut
1004 3246 1159 3330 hodieque,

78 3362 219 3423 nobilium
240 3379 329 3437 quam
350 3358 535 3436 plebeiorum
554 3358 660 3421 atuor
674 3378 708 3416 ac
721 3359 844 3437 politior
860 3355 954 3416 sermo
969 3358 1032 3415 tuit.

244 3482 333 3544 Idem
355 3482 509 3557 Observat.
537 3481 675 3543 Humou.
694 3485 766 3546 Lib.
781 3485 826 3545 II.
851 3494 989 3561 oop.13.

157 3590 255 3648 Scitne
271 3601 299 3647 et
316 3588 432 3666 elegans
449 3601 509 3645 tum
525 3589 556 3645 in
580 3589 678 3647 verbis
685 3631 695 3662 ,
724 3603 785 3647 tum
801 3591 832 3646 in
851 3587 981 3645 numeris
1001 3579 1161 3642 Ttttvt-
1193 3574 1195 3579 ’

78 3696 174 3761 tVS:
203 3691 256 3752 sed
274 3692 355 3771 quie
373 3694 494 3750 Graecis
510 3693 641 3751 sontibus
659 3694 800 3773 pleraque
817 3690 995 3772 expresserit.
1071 3717 1080 3735 ι

238 3815 332 3900 casp.
352 3817 503 3876 Bantius
523 3818 595 3879 Lib.
615 3820 677 3881 IV.
699 3820 827 3899 Advers·
852 3839 922 3896 cop·
947 3833 996 3875 at.

155 3922 392 4001 thuiamelior
414 3918 608 3982 TIBVLLI
623 3921 780 4004 exposttor,
801 3911 1161 4002 quamtluvtuvs?

78 4032 122 4113 qui
143 4042 188 4089 tot
214 4020 337 4088 lateralia
357 4050 459 4109 parem
483 4046 542 4087 non
565 4029 682 4104 habuit,
717 4052 750 4089 ac
770 4052 807 4089 ne
829 4031 1003 4088 imitatorem
1032 4020 1161 4101 quidem,

78 4157 158 4216 quem
174 4132 245 4194 lane
262 4132 361 4193 nostra
374 4132 487 4193 saecula
502 4131 623 4213 legent?
653 4136 691 4194 Et
710 4135 865 4216 saepiffime
881 4137 1001 4193 miratus
1021 4123 1084 4188 sum
1105 4124 1162 4183 hoc

78 4243 161 4302 latum
182 4241 334 4300 Romanae
355 4236 515 4316 Ecclefiae3
550 4252 579 4298 et
602 4240 728 4303 tloruille
749 4254 777 4301 et
801 4236 969 4300 delloruiffe
986 4246 1048 4299 ttna
1069 4242 1161 4291 aetate

78 4347 253 4411 buteriam
279 4345 344 4407 eiua
365 4343 527 4418 Venerem,
561 4357 703 4425 quantum
730 4348 849 4428 quidem
870 4347 907 4408 ad
936 4362 990 4404 noe
1014 4337 1159 4422 pertinet:

567 4461 573 4473 ’
1091 4457 1160 4498 aem
