2536 4852
143 625 199 677 xx
312 610 316 616 ’
542 606 604 681 DE
635 605 836 669 Tlsvnni

146 780 205 841 sed
228 779 285 838 viri
307 778 386 837 docti
407 779 524 857 genium
546 778 654 855 elegiae
678 798 738 835 non
768 774 837 836 satis
864 773 1050 854 perspectum
1078 775 1239 834 habebant.

147 886 228 962 Quid
242 886 321 943 enim
334 879 440 962 quaeso
454 880 511 957 cst,
540 883 572 941 in
593 905 651 962 quo
670 884 793 942 maxiine
811 880 862 939 illa
885 877 1039 941 versatur?
1062 903 1099 938 an
1115 881 1146 940 in
1167 878 1240 959 §ili-

147 993 193 1053 tili
215 992 313 1068 aliqua
341 1002 369 1048 ct
396 989 433 1047 ad
456 988 622 1053 dialectices
652 990 766 1067 regulas
796 1000 911 1059 exacta,
949 984 1049 1046 severa
1077 999 1106 1043 et
1134 986 1240 1047 acerba

148 1118 246 1177 rerum
263 1095 311 1155 vel
333 1090 541 1155 sententiarum
561 1092 704 1175 positione
724 1106 752 1152 ct
775 1090 984 1152 enarratione?
1013 1113 1051 1149 an
1075 1092 1107 1149 iii
1130 1113 1175 1164 co,
1198 1104 1241 1166 ut,

148 1224 223 1287 quae
250 1200 384 1278 diligenti
416 1197 644 1258 consideratione
674 1214 702 1258 et
722 1199 814 1258 inulto
844 1197 954 1257 iudicio
990 1197 1137 1276 exegeris,
1167 1195 1240 1255 dili·

149 1309 228 1391 genti
242 1319 271 1365 et
285 1303 422 1382 castigata
436 1307 567 1364 oratione
583 1303 734 1385 exponas?
762 1308 856 1364 Immo
873 1305 988 1363 veroin
1005 1303 1062 1361 hoc
1077 1305 1140 1361 eius
1155 1303 1240 1379 inge-

148 1416 233 1475 nium
246 1424 275 1471 et
287 1423 391 1467 natura
406 1409 589 1485 continetur,
608 1424 641 1468 ut
654 1412 746 1470 animi
761 1412 897 1471 commoti
913 1430 946 1467 ac
960 1408 1124 1488 perturbati
1140 1403 1241 1465 sensus

149 1534 179 1581 et
191 1517 358 1579 all'ectioncs
373 1511 422 1573 scu
439 1515 587 1575 molliores
600 1514 650 1575 seu
666 1539 702 1574 ex
717 1519 850 1595 graviore
866 1517 977 1595 impetu
992 1514 1049 1572 iani
1066 1508 1196 1571 remissas
1212 1522 1242 1571 et

148 1619 329 1687 subsidentes
346 1622 497 1699 exprimat.
515 1620 544 1700 *)
595 1626 632 1681 ln
660 1622 716 1681 hoc
736 1637 853 1702 regnat;
887 1623 920 1680 iii
940 1621 998 1679 hoc
1015 1631 1076 1679 tota
1100 1615 1156 1695 est;
1184 1616 1243 1679 hoe.

148 1728 341 1812 praecipuum
355 1741 556 1803 argumentum
570 1725 623 1786 sibi
640 1730 823 1793 tractandum
839 1724 943 1799 sumit,
971 1746 1065 1803 neque
1080 1739 1187 1785 temere
1204 1721 1241 1782 ad

150 1836 208 1895 alia
232 1831 347 1890 avocari
369 1830 464 1889 debet.
510 1836 608 1907 Quare
630 1832 728 1893 illud?
762 1835 847 1911 quia,
876 1854 942 1893 enm
964 1829 1083 1908 singulis
1109 1826 1242 1887 distichis

150 1938 295 2001 sententia
310 1935 440 2007 finiatur,
460 1958 519 1995 non
537 1935 592 1996 nisi
606 1936 733 2015 singulae
749 1952 778 1996 et
793 1960 810 1995 a
825 1935 855 1997 sc
870 1939 996 1997 invicem
1011 1934 1157 1995 seiunctae
1173 1930 1241 1992 seii-

148 2045 258 2106 tcntiae
273 2027 305 2099 iri
321 2062 354 2098 ea
367 2042 441 2119 poni
458 2040 586 2121 possunt.
643 2041 791 2115 Haecest,
823 2039 920 2101 sieius
934 2040 1064 2100 indolem
1079 2051 1156 2098 recte
1169 2059 1242 2116 per·

150 2148 262 2233 spicio,
292 2167 360 2204 vcra
383 2144 493 2218 caussa,
518 2167 570 2209 cur
584 2148 712 2211 motibus
727 2148 817 2205 aniini
834 2149 1033 2227 exprimendis
1047 2146 1133 2205 unice
1148 2142 1241 2203 desti·

150 2268 219 2337 irata
240 2250 290 2313 est.
343 2251 392 2309 Uti
414 2253 564 2332 principio
589 2253 680 2313 luctui
703 2267 732 2312 et
755 2251 888 2315 tristitiae
911 2251 1105 2325 inserviebat,
1122 2250 1170 2326 *Ἴ
1201 2250 1240 2307 ita

1175 2351 1241 2415 suc·

183 2462 216 2527 a)
234 2460 317 2513 Recte
329 2457 469 2511 Boilaiius
483 2462 513 2511 iri
524 2457 595 2513 Arte
608 2460 669 2518 lua:
719 2462 838 2519 sensibus
851 2460 1010 2533 perbreves
1024 2457 1148 2531 strophae
1161 2457 1241 2515 sutile

200 2541 671 2618 Ilfaut,qnelecoenrsi⁷n1pcrle
720 2549 872 2619 expeditit3
903 2546 952 2601 atfi
975 2563 1026 2599 nec
1054 2544 1088 2598 de
1116 2563 1150 2599 eo
1177 2545 1240 2599 latii

360 2630 429 2679 daris
444 2628 567 2702 l'lilegie.
717 2634 827 2687 solliciti
843 2645 935 2695 ararit,
953 2645 985 2685 ut
999 2631 1160 2684 scatentium
1173 2629 1240 2685 liro-

184 2716 237 2780 Η)
261 2715 403 2782 Principio
422 2713 498 2780 diiii,
524 2717 672 2773 Horatium
719 2719 792 2789 plia,
822 2718 870 2785 seu
887 2718 959 2773 tinia
980 2716 1100 2771 versibus
1119 2717 1239 2785 liiiiretit·

149 2798 278 2868 sequutus
302 2811 370 2853 noto
396 2802 458 2854 loco
481 2802 543 2856 Art.
567 2808 608 2875 75.
629 2805 669 2875 sq.
719 2807 825 2860 Verum
842 2817 900 2859 arta
921 2807 1030 2873 poetica
1048 2804 1135 2872 inagis
1151 2818 1240 2873 expo-

149 2900 207 2944 tion
227 2881 302 2953 quasi
323 2887 393 2954 elegi
412 2893 524 2941 nimiino
544 2907 559 2942 a
578 2894 669 2959 queri-
717 2893 767 2945 lita
787 2905 814 2945 et
835 2892 964 2944 carminis
981 2904 1079 2958 genere
1092 2882 1190 2959 aliquo'
1203 2903 1240 2940 cii

149 2972 243 3021 monia
281 2972 466 3039 processerint.
520 2973 671 3046 Antiquior
719 2980 873 3045 argumenti
900 2972 992 3027 indole
1019 2962 1046 3024 et
1072 2968 1239 3025 tractationis

150 3068 246 3107 eoniin
261 3054 324 3107 ustis
344 3054 396 3109 suit
414 3062 444 3112 in
462 3056 591 3116 brevibus
608 3061 668 3114 lcii·
717 3074 814 3115 uatura
833 3064 983 3114 accuratius
995 3057 1139 3111 constituto
1159 3058 1239 3110 intel·

148 3142 241 3191 sentiit
262 3139 375 3206 erinon,
408 3151 517 3211 gnomis
537 3161 566 3199 at
589 3166 667 3216 prae·
716 3149 818 3201 lectum
831 3145 883 3209 eit,
902 3149 985 3199 aiiiini
1001 3142 1113 3197 allectus
1128 3143 1238 3196 mollio-

148 3227 234 3293 ceptis
261 3228 340 3278 ritae.
393 3228 474 3284 Tales
497 3228 573 3284 sucre
598 3234 670 3301 elegi
716 3251 760 3288 rea
785 3245 914 3303 tanquam
939 3236 1080 3285 materiem
1097 3230 1238 3299 propriant

147 3307 332 3391 Theognidis,
364 3312 475 3369 Solonis
493 3330 521 3369 et
542 3318 667 3371 aliorum.
716 3319 850 3373 subiectos
865 3319 968 3387 elegiae
982 3315 1050 3377 elle,
1074 3317 1106 3368 in
1125 3312 1239 3384 quirilli

146 3391 305 3450 liamlatua
334 3416 444 3470 quoque
467 3400 614 3456 adsensus
641 3415 668 3455 et
717 3403 964 3459 rerlauduniell'et.
992 3402 1051 3456 Nec
1065 3394 1254 3455 tameii'iiitra'

145 3477 258 3534 affectus
271 3487 355 3535 animi
367 3501 462 3540 eorum
475 3484 537 3540 usui
550 3488 668 3542 inultum
716 3494 774 3543 eiua
787 3488 857 3544 fnice
870 3496 984 3545 omnino
1000 3488 1029 3542 te
1044 3492 1254 3542 continuerunt·

145 3581 163 3617 a
179 3565 305 3620 lenientis
336 3566 440 3635 abluit,
473 3572 495 3625 ti
516 3574 666 3643 Tyrtaeum
715 3580 852 3646 principes
870 3580 997 3631 carnunia
1018 3558 1156 3633 auctoris,
1174 3554 1255 3626 Bal-¹¹

142 3656 309 3706 memineris.
350 3655 397 3709 Ad
419 3660 557 3713 iuolliorea
574 3659 666 3714 lcitsus
713 3663 795 3725 liniis,
814 3664 1003 3727 Mimnermus,
1021 3662 1154 3722 Philetas,
1176 3656 1236 3713 crt-

141 3734 293 3792 reddeudoa
312 3739 436 3796 adhibuit
458 3744 551 3812 elegea
573 3746 664 3800 Siiiio-
713 3747 862 3813 liniuchue,
881 3762 1014 3821 quaiitiun
1028 3754 1064 3801 eii
1078 3744 1236 3814 fragmentis

141 3820 235 3888 nider,
254 3825 377 3878 nonduin
389 3840 479 3883 taiiieii
497 3848 595 3899 genere
614 3833 663 3885 ali-
713 3848 740 3887 ct
755 3836 950 3888 aciinilaiitiuiu
962 3852 1010 3889 cos
1021 3836 1166 3905 poetarmii
1179 3830 1235 3884 llo-
1252 3826 1255 3831 '

141 3922 198 3975 quo
219 3913 532 3970 carininmiicoriliitiito
552 3917 663 3972 satisne
713 3936 858 3974 manorum
877 3920 969 3975 liudiis
990 3920 1153 3987 intelligitur
1160 3937 1168 3981 ς
1198 3921 1236 3970 lta

140 3989 264 4048 delinito.
305 3998 400 4066 ltaque
418 4005 489 4055 inter
509 4003 665 4074 sequiortun
713 4019 745 4059 ut
769 4013 883 4060 oiiuiino
905 4010 958 4058 dno
980 4009 1053 4057 inter
1080 4002 1108 4056 se
1131 4001 1237 4056 diversa

140 4091 354 4146 eiiaiuactutuiii
367 4095 463 4159 poetar
476 4090 579 4147 videbis
594 4095 662 4149 ulios
712 4095 860 4145 carminum
907 4108 1009 4164 genera
1050 4086 1258 4143 constituenda·

139 4192 239 4247 genere
261 4180 381 4245 elegiaco
408 4176 471 4229 iilos
494 4176 561 4243 citt,
592 4182 662 4235 alios
711 4179 765 4232 elle
789 4176 944 4240 aidemari,
977 4176 1057 4228 alind
1071 4192 1157 4243 genus
1179 4174 1236 4227 ele-

141 4263 243 4331 elegias
260 4261 397 4333 scriplill'e.
433 4264 537 4318 l'rioris
555 4271 662 4334 generis
712 4270 835 4334 giacum,
861 4275 977 4317 externo
1004 4262 1101 4316 habim
1119 4272 1146 4314 et
1166 4254 1236 4315 siro·

141 4352 240 4419 politae
261 4355 444 4413 narrationes,
475 4350 608 4419 iiynuios,
635 4365 663 4405 et
710 4351 830 4422 pharum
840 4349 973 4403 brevitate
986 4347 1021 4403 nd
1034 4345 1138 4401 diverti
1153 4363 1234 4416 argu-

141 4435 194 4487 alia
221 4448 379 4504 argumenta
400 4434 454 4488 liic
474 4440 593 4489 carmine
617 4441 661 4491 iii-
710 4448 804 4491 menta
817 4434 939 4489 adbibita
951 4433 1088 4501 notabile,
1106 4432 1165 4487 alia
1178 4430 1256 4489 ele·'

139 4520 289 4584 cluseruiit;
315 4522 389 4593 quod
409 4523 437 4576 l'e
453 4522 662 4580 continendaliat
710 4527 756 4595 gia
772 4525 885 4595 proprie
907 4518 989 4577 dicta.
1137 4520 1140 4529 '
