2536 4852
265 544 534 611 conrcrrvs
562 548 621 610 nr
649 528 982 618 snrmoumvs.
1083 544 1154 628 x'xr

92 714 176 776 oeffu
196 718 347 795 temporis
369 719 402 776 in
424 740 522 778 amore
540 733 569 779 et
592 721 654 780 eius
672 724 751 782 curis
766 728 942 807 praecipuus
958 722 1065 809 elegire
1083 698 1151 799 ustie

92 837 116 897 ι,
140 819 314 901 mansitque
330 825 423 882 etierb'
435 827 513 905 apud
528 848 578 886 eos
585 871 594 899 ‚
625 830 675 906 qui
696 827 775 889 lusus
800 846 912 891 tantum
933 835 1062 913 ingenii,
1089 860 1150 900 non
1223 825 1225 831 ’

92 950 129 987 mc
150 950 291 1000 amores,
322 932 453 989 carmine
473 930 736 1013 persequerentur:
773 937 804 993 id
822 936 974 1016 quodiam
989 941 1150 1003 ebOvidio

92 1049 162 1094 turn.
219 1040 257 1094 In
282 1039 363 1095 curis
386 1057 456 1097 vero
480 1041 588 1097 amoris
609 1042 808 1118 exprimendis
830 1034 966 1103 omniane
990 1030 1149 1133 aequaliter

92 1142 207 1200 *cedere
226 1139 365 1221 possunt,
394 1143 502 1202 utalia
523 1143 819 1222 aliamsententiam,
851 1149 941 1207 veluti
963 1150 994 1206 in
1016 1148 1149 1210 sermone

92 1268 110 1305 ιι
130 1250 252 1306 ratione
273 1261 303 1304 et
317 1248 412 1308 multa·
429 1249 641 1310 deliberatione
662 1251 818 1332 composito
833 1267 861 1311 et
877 1252 1033 1333 diligenter
1045 1256 1149 1315 elebo-

92 1376 125 1427 o,
146 1353 307 1435 excipiat?
328 1356 395 1413 Non
412 1357 516 1430 credo;
539 1354 590 1415 sed
613 1373 645 1418 ut
672 1361 703 1416 in
731 1364 844 1417 rimante
860 1359 934 1418 alius
950 1359 1040 1418 alium
1056 1361 1147 1418 animi

93 1474 156 1520 tum
171 1460 288 1533 trudit,
312 1473 411 1539 urget,
445 1464 485 1520 ita
501 1460 674 1536 sententias,
696 1486 756 1523 non
773 1463 841 1523 setis
857 1462 910 1523 srbi
926 1458 1146 1543 respondentes,

92 1588 138 1645 que
160 1567 285 1625 arctiori
306 1566 427 1627 vinculo
447 1570 577 1643 iunctas,
610 1569 713 1630 subiici
736 1563 848 1630 necesse
869 1569 919 1628 est.
977 1573 1146 1632 Amatorem

92 1674 132 1733 do
147 1672 317 1754 supplicem
330 1668 402 1746 esse,
429 1674 517 1734 modo
533 1672 700 1756 superbire,
723 1696 803 1734 nunc
817 1678 952 1755 p'receri,
981 1672 1145 1750 obsecrare,

92 1780 133 1839 'do
157 1782 260 1839 iurare
267 1822 277 1852 ,
315 1780 441 1853 minari,
480 1795 583 1840 tonare
590 1825 598 1855 ,
635 1780 784 1841 interdum
803 1780 939 1853 laudere,
978 1782 1144 1860 obiurgare,

92 1900 161 1957 lere,
184 1886 331 1964 gaudere,
354 1882 440 1943 irasci
456 1879 598 1946 videmus.
644 1888 748 1947 Nonne
769 1906 835 1944 cum
859 1889 971 1946 ratione
991 1884 1143 1960 insaniret,

92 1991 112 2063 i,
143 2004 177 2049 ut
198 1993 231 2049 in
254 1988 355 2050 sedato
377 1991 519 2049 orationis
542 2014 663 2070 genere,
693 1992 775 2052 nulla
796 1989 851 2049 nili
872 2004 939 2071 apta
961 2005 990 2049 ct
1012 2012 1143 2050 connexa

92 2116 123 2152 er
135 2093 167 2154 se
178 2097 313 2175 proferre
327 2094 440 2155 vellet?
473 2100 575 2176 ltaque
590 2100 691 2157 mirari
707 2120 768 2157 non
782 2097 937 2169 debemus,
967 2094 987 2153 sr
1002 2097 1033 2154 in
1049 2095 1142 2174 elegia

92 2196 188 2259 tbdere
210 2201 359 2260 interdum
380 2200 494 2280 aliquid
516 2217 544 2261 et
562 2203 661 2277 hiare,
692 2224 782 2282 eaque
805 2200 834 2260 sc
850 2204 982 2280 excipere
996 2196 1143 2281 videmus,

92 2325 170 2363 rrum
186 2328 275 2366 nexus
297 2328 360 2366 non
375 2329 391 2366 ιι
405 2303 506 2366 subtili
522 2309 651 2382 iudicio,
693 2306 744 2367 sed
759 2307 797 2366 ab
811 2307 902 2364 enimi
917 2303 1041 2363 districti
1062 2304 1141 2363 curis

92 2414 122 2470 in'
142 2415 291 2472 contrarie
315 2414 394 2493 rapti
415 2416 526 2494 impetu
545 2406 695 2491 proficisci
715 2414 830 2494 potuit!
877 2412 995 2469 Scilicet
1015 2402 1141 2466 amantis

92 2514 241 2577 rsensum
265 2513 345 2594 quali
369 2517 508 2591 induere,
539 2522 601 2577 eius
618 2517 723 2579 statum
740 2533 769 2579 et
784 2519 983 2580 conditionem
996 2500 1097 2573 suliire
1110 2523 1141 2572 et

92 2622 117 2683 'm
134 2625 205 2683 eius·
214 2624 312 2683 locum
330 2624 363 2681 in
380 2623 478 2681 auimo
495 2636 545 2682 tuo
561 2623 715 2704 surrogarc
731 2626 829 2685 debes.
872 2627 953 2699 Quae
968 2642 1034 2679 erun
1052 2620 1092 2679 it'e
1107 2615 1138 2678 ss

92 2746 165 2803 rere,
187 2750 250 2788 non
265 2729 323 2788 leri
343 2727 452 2787 iudicio
471 2706 630 2803 adductus,
652 2730 829 2799 arbitrarer,
853 2727 951 2784 alieno
966 2722 1079 2803 semper
1089 2720 1139 2780 fur

92 2854 138 2892 mo
153 2856 170 2892 a
183 2833 617 2913 Scaligerunis·traiectionibus
626 2878 636 2908 ,
658 2856 729 2915 quas
744 2829 941 2893 Broukbusrus
958 2845 1016 2890 tam
1030 2814 1137 2911 cupide

98 2940 255 3018 amplexus.
301 2940 361 2999 Sed
375 2940 524 3000 videamus
538 2962 618 3000 nunc
631 2941 667 2999 de
683 2940 745 2998 eius
762 2935 926 2996 receusrone
941 2936 1114 2995 accuratius.

128 3046 222 3119 Quem
243 3041 353 3102 infesto
374 3022 422 3104 vir
449 3043 578 3105 summus
601 3049 688 3104 suerit
714 3045 857 3103 animuin
880 3045 1042 3111 Muretum,
1066 3036 1137 3098 satis

92 3147 159 3209 sue
204 3150 252 3210 m
275 3149 383 3208 iisdem
406 3152 483 3209 ouis
508 3134 657 3231 prunus
683 3145 874 3220 desuetos,
910 3144 999 3226 quoe,
1021 3136 1136 3202 suffen

92 3279 128 3316 ne
148 3254 281 3329 deserto,
305 3256 410 3314 iterum
423 3254 461 3314 ed
474 3256 616 3314 Aldinam
634 3257 760 3335 primam
776 3250 907 3312 reversus
928 3249 985 3322 cst,
1011 3244 1135 3326 'eamque

92 3384 142 3422 um
164 3385 180 3423 a
205 3360 234 3422 se
255 3358 439 3421 emendatam
469 3363 568 3442 operis
598 3360 797 3420 excudendam
825 3358 957 3417 tradidit.
1002 3354 1076 3412 Nem
1098 3372 1135 3410 ex

92 3468 106 3526 Ι.
124 3489 173 3548 pr.
197 3443 417 3546 Scaligcranem
444 3468 563 3528 ductam
586 3466 641 3524 esse
669 3467 782 3546 liquido
808 3466 879 3522 mihi
903 3449 1136 3537 nunc'constat5

92 3572 173 3655 tipso
188 3576 297 3633 sactum
313 3570 372 3645 est,
399 3585 431 3631 ut
443 3574 588 3654 plurima,
617 3596 690 3651 quae
709 3576 739 3631 in
753 3574 822 3631 Ald.
838 3569 894 3629 sec.
908 3582 936 3625 et
954 3585 1049 3622 mora
1065 3562 1138 3641 llluw¹

92 3676 227 3758 '‘81⁰8st
245 3690 332 3737 “²¹¹1
345 3679 511 3752 emendata,
535 3701 614 3737 nunc
629 3681 733 3738 iterum
750 3678 877 3755 antiquis
894 3670 1029 3771 sordibus
1039 3658 1138 3725 'dein-¹

92 3797 155 3843 neta
177 3785 401 3864 proserruntur.
445 3786 576 3863 Cumque
592 3786 741 3862 Scaligero
763 3778 862 3841 sensus
880 3776 1044 3836 Tilnrlliani
1060 3792 1134 3829 can-

92 3890 117 3948 ir
137 3911 172 3947 ac
193 3886 392 3968 simplicitatis
412 3888 518 3948 deesset
525 3933 535 3964 ,
564 3890 714 3948 doctrinae
736 3900 835 3947 contra
856 3880 1010 3963 exquisitae
1031 3877 1133 3975 copiae

92 4017 192 4069 urnae,
232 3994 329 4053 multa
351 3994 401 4051 ille
424 3996 545 4055 mutavit
570 4009 618 4054 aut
644 3996 760 4053 refinxit
780 3994 864 4051 docte
895 3988 1031 4067 quidem,
1067 3980 1133 4059 quis

92 4099 141 4161 et'l
170 4100 327 4160 interdum
342 4101 427 4158 etiam
445 4100 609 4181 ingeniose,
633 4098 684 4159 sed
700 4110 716 4158 e
732 4097 846 4157 Tibulli
861 4097 946 4175 genio
961 4085 1132 4149 abhorrenti

92 4228 112 4265 e
124 4206 290 4286 modoque
334 4206 406 4286 Cum
422 4221 519 4269 tamen
533 4204 729 4266 broukhusius
745 4226 811 4265 eum
832 4198 971 4289 religiose
987 4194 1144 4289 sequetur,

92 4310 222 4391 ligerana
242 4308 389 4385 recensio,
421 4314 502 4392 quod
523 4310 781 4388 trallensium,
812 4331 868 4393 pro
880 4272 1144 4390 praestantissime

92 4436 192 4498 peram
211 4417 325 4477 haberi
340 4419 449 4499 coepit.

415 4532 418 4539 ¹
1030 4504 1135 4567 Scali-
