2536 4852
140 610 181 662 lv
487 593 878 654 PRAEFATIO

142 763 260 853 Quum
287 763 390 851 igitur
417 759 482 826 boc
509 761 593 828 trilli
619 759 777 829 fortunae
808 760 881 825 cusu
910 755 1067 825 Tibullus
1100 757 1230 827 editore

142 884 201 952 suo
231 887 307 951 esset
334 881 486 958 orbatus,
522 883 655 967 iamque
692 881 920 995 pequireretur
958 879 1017 965 qui
1051 876 1232 942 editionem

142 1003 330 1071 inchoatam
351 999 392 1066 ad
415 999 517 1065 finem
539 1001 753 1089 perduceret,
780 998 891 1090 operis
912 996 1108 1088 perficiendi
1128 1016 1233 1082 nego-

143 1124 231 1190 tium
258 1121 408 1187 oblatum
436 1120 481 1183 est
507 1117 678 1184 Huscbkio
708 1141 748 1182 co
777 1127 929 1206 tempore
951 1116 1129 1201 Gottingae
1156 1136 1234 1179 mo·

142 1240 249 1318 canti,
284 1260 352 1326 quo
381 1237 485 1324 magis
513 1237 650 1303 idoneus
679 1237 787 1303 editor
819 1235 948 1302 Tibulli
983 1233 1131 1300 inveniri
1163 1256 1233 1298 non

143 1362 231 1452 posse
258 1356 442 1424 videretur.
490 1355 699 1437 Huschkiue,
731 1357 853 1444 etipse
874 1351 1129 1422 Wunderlichii
1151 1353 1234 1418 dum

142 1477 278 1548 vivebat
299 1477 441 1557 amicus,
462 1499 536 1540 rem
557 1475 715 1564 suscepi13
744 1473 830 1541 facta
848 1473 976 1563 pactio,
1005 1485 1039 1539 et
1059 1473 1181 1539 tradita
1202 1471 1234 1537 ei

144 1597 277 1676 omniu,
305 1616 390 1682 quae
411 1616 431 1659 u
450 1592 716 1660 Wunderlichiu
745 1596 858 1681 passim
881 1604 993 1659 notate
1014 1603 1110 1659 erant
1132 1614 1234 1679 quae·

143 1739 209 1806 que
230 1715 338 1782 oblatu
360 1713 401 1779 ab
422 1713 495 1779 aliis
525 1713 606 1782 viris
635 1712 750 1781 doctis.
816 1712 908 1779 Tum
938 1735 1020 1785 vero
1043 1710 1233 1778 Huschkius

145 1835 303 1917 cunctari,
324 1856 394 1899 non
413 1835 514 1924 plane
530 1835 698 1912 recusare,
719 1854 828 1918 neque
850 1843 963 1897 tamen
985 1854 1069 1922 opus
1089 1829 1234 1919 uggicdi,

145 1955 287 2029 tendum
305 1977 346 2021 re
374 1964 480 2020 totum
505 1954 659 2019 aestatem
685 1962 788 2017 tracta
814 1949 933 2017 diserte
954 1971 1077 2038 negare
1097 1962 1132 2016 et
1152 1973 1234 2014 con-

145 2074 286 2141 ditiones
306 2070 509 2140 renuntiare.
555 2067 657 2157 Quod
678 2091 746 2157 quo
767 2071 841 2135 ime
864 2070 994 2151 lecerit,
1014 2070 1083 2159 ipse
1104 2069 1234 2146 videut3

144 2193 247 2273 mibi,
280 2191 370 2279 quod
392 2211 511 2258 verum
533 2190 596 2271 est,
623 2190 836 2263 timendum,
858 2189 931 2256 fuit.
984 2191 1087 2278 igitur
1106 2187 1234 2255 Tibulli

114 2293 119 2334 ¹
144 2312 246 2379 editio
267 2333 370 2397 quum
390 2311 459 2378 iam
481 2310 604 2376 diutius
625 2309 789 2376 retardari
811 2331 880 2373 non
908 2312 1028 2399 posset,
1055 2333 1099 2375 ne
1128 2309 1234 2374 maim

144 2432 245 2498 etium
261 2431 424 2496 damnum
445 2441 615 2518 pateretur
637 2428 805 2505 librarius,
822 2428 875 2493 vir
889 2428 1137 2507 honestissimus,
1159 2442 1233 2494 tan-

145 2547 224 2616 dem
248 2570 365 2615 morae
394 2547 587 2638 impatiens,
616 2548 685 2636 ipse
712 2570 786 2613 rem
812 2546 848 2613 in
874 2571 930 2614 me
957 2551 1087 2641 recepi,
1116 2560 1150 2613 et
1170 2547 1234 2614 feci

140 2665 181 2735 id
210 2668 300 2755 quod
321 2676 393 2757 'per
423 2667 526 2735 breve
560 2667 721 2756 temporie
755 2669 895 2756 spatium
933 2668 1018 2734 mibi
1052 2673 1236 2736 concessum

142 2786 221 2856 fieri
240 2788 360 2879 potuit.
403 2785 458 2853 De
484 2807 550 2873 quo
576 2809 666 2853 nuno
693 2787 871 2854 dicendum
901 2789 956 2853 etl.
999 2787 1143 2855 Librum
1163 2786 1237 2878 pri·

136 2929 240 2977 mum
272 2928 351 2973 cum
385 2907 473 2973 notis
506 2919 538 2973 et
564 2906 847 2975 observationibus
879 2906 948 2997 ipse
975 2909 1072 2997 prelo
1100 2907 1237 2973 tradidit

144 3022 448 3104 Wunderlichius,
485 3026 530 3093 ite
563 3027 600 3093 in
629 3051 670 3092 eo
705 3026 901 3093 adornando
929 3028 1095 3102 versutus,
1130 3039 1168 3093 ut
1202 3038 1235 3093 et

144 3142 323 3213 lectionem
343 3142 470 3231 saepius
496 3154 640 3210 mutaret
660 3154 693 3209 et
713 3155 808 3210 notus
829 3142 959 3210 critices
981 3145 1154 3212 uberiores
1173 3148 1235 3214 ud-

143 3262 278 3344 ficeret,
297 3261 334 3329 iu
355 3265 492 3330 caeteris
512 3264 652 3330 eundem
673 3261 747 3330 fere
762 3258 924 3329 rationem
945 3276 1083 3344 teneiet,
1104 3264 1148 3332 de
1168 3288 1235 3353 qua

144 3381 296 3473 exposuit
325 3380 368 3449 ad
397 3381 591 3470 Virgilium.
656 3383 812 3471 Denique
839 3385 953 3451 omniu
984 3406 1070 3473 queo
1097 3385 1236 3469 eddidit,

143 3501 262 3570 litterie
288 3500 337 3570 H.
361 3537 406 3556 -
427 3502 493 3570 W.
523 3526 543 3570 u
570 3501 657 3568 notis
687 3513 720 3568 et
745 3503 1024 3572 obseivutionibut
1047 3506 1235 3594 Heyniunis

144 3633 296 3689 accurate
317 3621 482 3690 discrevit.
522 3621 683 3708 Reliquos
702 3635 766 3688 tres
787 3623 889 3688 libros
911 3648 972 3712 ego
991 3625 1234 3715 imprimendos

142 3739 276 3823 curavi,
305 3753 339 3809 et
364 3739 520 3831 pertexui
547 3764 631 3831 opus
652 3740 717 3807 hoc
737 3742 855 3809 modo:
891 3742 1008 3829 Quum
1030 3744 1232 3834 perlustrans

141 3878 230 3946 qute
264 3882 286 3926 a
312 3858 580 3928 Wunderlicbio
615 3861 731 3928 relicte
766 3873 877 3944 erant,
915 3864 1010 3953 plura
1043 3865 1235 3951 reperissem

142 3978 261 4048 ultimo
287 4000 391 4045 manu
420 3990 586 4060 correcta,
615 3980 698 4047 haec
723 3984 837 4049 omnia
864 3983 938 4073 ipsu
960 3984 1070 4050 verbis
1098 3985 1233 4051 servatis

102 4126 105 4143 ·
140 4098 273 4187 recepi3
303 4097 424 4165 deiude
450 4121 535 4187 quae
562 4100 627 4167 ulia
654 4100 770 4192 pullim
791 4104 832 4169 ab
860 4127 901 4170 eu
929 4115 1040 4171 notata
1069 4127 1232 4172 noveram

136 4214 280 4284 -Tibullo
308 4218 380 4285 usui
408 4218 537 4297 futuru,
567 4220 652 4289 baec
672 4244 804 4315 quoque
829 4223 999 4304 transtuli,
1029 4226 1232 4312 omninoque

141 4318 218 4402 eum
244 4337 331 4404 mibi
360 4340 469 4428 legem
495 4341 606 4420 statui,
636 4354 679 4409 ut
698 4366 803 4431 quum
834 4343 987 4412 omnibus
1009 4348 1094 4413 notis
1117 4358 1148 4413 et
1169 4346 1231 4413 ob·

1119 4469 1230 4534 serva·
