2536 4852
39 1472 42 1493 =
126 1452 311 1513 verbialiter,
338 1468 370 1506 ut
384 1450 444 1505 sere

14 430 28 443 ὀ

468 546 617 610 A'LBII
658 545 881 611 TIBVLLI

278 722 788 793 ·r,rnotn
867 726 956 820 Vr,

129 870 325 998 Semper,
351 909 400 969 ut
417 894 604 984 inducar,
633 894 801 972 blandos
816 891 936 972 offers
950 898 1053 974 mihi
1069 900 1222 993 vultus,

185 1028 276 1106 Post
299 1046 432 1105 tamen
452 1052 493 1104 es
514 1025 657 1104 misero
682 1025 799 1105 tristis
817 1045 856 1103 et
873 1027 1000 1132 asper,
1027 1035 1162 1110 Amor.

125 1382 252 1440 portum
269 1367 333 1423 data
350 1365 397 1422 est.
438 1336 481 1420 Di
500 1381 561 1419 tum
577 1383 647 1441 pro·

461 1385 593 1525 Fiopert.
608 1452 646 1513 11,

124 1543 154 1607 4·
179 1538 396 1609 19·(δι“·)

60 1688 67 1703 ι
173 1621 339 1699 Tranquillo
362 1635 423 1675 tntu
442 1618 582 1694 descendis
587 1622 648 1694 flu·

292 1708 366 1759 mine
390 1704 499 1779 cymba.

126 1804 155 1844 et
176 1789 209 1842 in
229 1789 377 1864 praeclaro
400 1790 454 1844 illo
478 1788 648 1866 Cleopatrae

126 1872 300 1947 epitaphio,
337 1876 417 1949 quod
449 1895 485 1929 ex
514 1879 649 1951 Capaccii

124 1957 197 2012 nist.
223 1959 315 2034 Nenp.
340 1959 392 2015 lib.
417 1963 445 2022 s,
471 1980 495 2013 c.
515 1976 543 2028 7.
567 1963 647 2018 dedit

125 2042 292 2102 lteinefins‘,
311 2044 382 2099 hinc
399 2045 508 2100 Gorius
532 2063 562 2102 et
577 2048 647 2102 Mu·

125 2128 252 2182 retoriut
268 2148 335 2183 cnm
352 2130 486 2184 Bonnda:

184 2217 269 2287 Ζῆθι,
282 2218 370 2275 κάλων
387 2223 476 2287 τείνας
493 2221 587 2299 οὔριον
604 2220 649 2280 tti-

236 2306 239 2315 '
333 2307 482 2381 φροσὺνας.

122 2389 308 2455 Laborarnnt
336 2412 431 2467 nuper
460 2395 491 2447 in
523 2415 558 2448 eo
588 2397 650 2471 epi·

124 2492 284 2546 grummete
308 2479 490 2532 emendando
508 2478 648 2536 Valcken.

124 2560 220 2614 Dietr·
251 2578 278 2634 p.
304 2559 374 2626 236.
405 2560 534 2616 Brunclr.
563 2562 648 2617 Auel.

125 2644 161 2698 Τ.
172 2646 224 2698 sss.
234 2663 263 2718 p.
277 2656 346 2710 315,
358 2654 427 2714 743.
445 2648 526 2701 Lect.
537 2667 566 2720 p.
577 2663 647 2720 299.

124 2727 239 2789 Versus,
263 2730 557 2804 quemnpposuimur,
579 2750 648 2786 cou-

125 2814 207 2867 venit
228 2833 295 2868 cum
317 2813 472 2868 Pindarico
491 2814 578 2887 Pyth.
596 2818 647 2880 IV,

126 2910 197 2963 250.
235 2898 316 2952 selon
348 2899 489 2953 convivio
517 2902 647 2975 exceptis

124 2985 218 3040 πᾶσαν
238 2982 268 3038 e'r
289 2979 460 3055 εὐφροσύναν
480 2985 586 3041 τάνυεν.
609 2988 648 3040 11.

124 3067 344 3127 Proverbinlem
375 3069 557 3125 locutionem
580 3090 651 3146 pro-

15 3218 29 3227 ,
124 3157 174 3213 bnt
197 3155 232 3209 de
247 3155 347 3208 favore
363 3154 480 3229 patroni
495 3156 649 3215 retinendo

123 3239 306 3316 praecipiens
328 3241 469 3294 Horatius
483 3241 537 3314 Ep.
555 3243 578 3303 1,
600 3250 647 3309 18,

124 3334 175 3397 87·
205 3412 258 3481 Tu,
271 3412 334 3467 dnm
348 3424 395 3466 tua
404 3412 520 3465 narvisia
530 3404 645 3482 altoest,

168 3499 229 3553 Hoc
243 3518 305 3573 age,
328 3520 362 3552 ne
377 3508 486 3581 mutata
500 3494 646 3570 retrorjum

256 3581 370 3657 tesernt
386 3602 463 3636 aura.
505 3581 555 3635 W.

273 3719 410 3795 Elegia
444 3720 503 3776 vt.

166 3836 299 3893 Adducta
315 3838 346 3892 in
363 3839 553 3913 suspicionum
566 3835 650 3914 puel·

123 3922 169 3977 lte
192 3920 266 3985 lide,
290 3923 392 3977 misere
416 3924 519 3978 euxine
538 3939 650 3979 amator

125 4004 387 4081 mrrltaper·pernm
406 4010 646 4071 comminiscitur,

101 4144 107 4163 ,
127 4091 236 4166 quibus
260 4108 310 4148 aut
335 4092 410 4146 surtn
434 4093 496 4150 eius
514 4113 645 4167 arguere,

125 4173 174 4231 rel
190 4175 375 4252 intercipere,
396 4194 446 4233 aut
462 4199 523 4233 enm
541 4178 576 4230 ad
586 4196 646 4230 me·

124 4256 250 4316 liorem*
259 4280 386 4319 mentem
404 4282 544 4317 revocare
563 4278 649 4314 cona·

126 4360 183 4401 tur.
212 4347 290 4403 Tum
305 4349 407 4403 inatris
422 4345 537 4422 puellae
552 4364 649 4399 recor·

55 4462 57 4467 ·
126 4428 211 4489 detur
225 4432 424 4509 summotum
437 4430 559 4496 effectu,
581 4448 651 4486 oum

1111 1167 1223 1273 Quid

697 1387 759 1423 enm
779 1367 932 1423 studiosam
953 1369 998 1424 sni
1017 1385 1045 1425 et
1065 1371 1219 1428 amoribus

695 1452 856 1528 propitiam
872 1470 1008 1526 expertus
1026 1453 1111 1517 essctt
1130 1473 1221 1530 utque

699 1536 789 1591 filium
820 1540 852 1591 in
875 1536 932 1593 side
954 1541 1095 1603 retinent,
1134 1543 1222 1596 enixe

699 1623 844 1677 hortatur.
897 1625 1036 1698 Denique
1067 1626 1173 1682 severis
1195 1627 1222 1681 so

699 1706 815 1780 legibus
827 1707 1015 1784 obstringens,
1032 1731 1136 1784 quum,
1147 1732 1221 1786 quae

698 1792 822 1866 perfidus
851 1793 881 1846 in
915 1795 1057 1852 senectuto
1091 1814 1222 1853 maneret

699 1878 834 1939 fortuna,
868 1877 1045 1944 ostendisset,
1078 1881 1111 1934 in
1142 1882 1222 1955 spem

697 1961 833 2035 perpetui
851 1962 956 2016 Deliae
979 1978 1046 2040 erge
1066 1969 1092 2020 se
1111 1967 1222 2023 amoris

696 2045 858 2100 inducitur.
902 2046 949 2100 Est
964 2051 1229 2122 praestantioribus

697 2129 809 2203 Elegiis
825 2135 1077 2190 annumerandum
1093 2137 1151 2195 hoc
1161 2158 1223 2193 cnr·

697 2235 783 2279 men,
806 2219 942 2290 inprimis
964 2219 1083 2278 effectur
1097 2222 1223 2280 veritate

701 2316 730 2354 et
752 2302 901 2357 varietate.

748 2404 772 2440 r.
804 2398 834 2439 nt
857 2390 990 2457 inducar)
1025 2390 1158 2446 inducere
1184 2392 1223 2448 est

701 2468 823 2526 fallaciis
860 2475 1036 2546 quibusdam
1073 2476 1222 2551 pellicere,

701 2570 735 2608 ut
764 2556 909 2631 decipias,
947 2561 1068 2615 ductum
1098 2583 1114 2615 n
1144 2562 1224 2624 serie,

701 2660 774 2713 qune
797 2643 829 2695 iu
846 2642 929 2699 callet
947 2644 1169 2719 pertrahuntur.
1192 2654 1229 2704 ν.

698 2724 829 2779 ΒιοιιΙιΙι.
849 2757 893 2770 -
921 2731 1042 2785 blandos
1056 2730 1141 2803 offers
1155 2733 1224 2787 milti

698 2810 812 2882 vultus)
850 2813 880 2867 h.
911 2811 1010 2877 fictos,
1047 2814 1149 2877 salsos,
1188 2816 1224 2873 etl

701 2893 907 2969 decipiendum
959 2901 1145 2975 compositos.
1193 2920 1226 2960 v.

701 2978 835 3035 Broulrlt.
867 2983 1040 3058 Opponitur
1075 2981 1160 3059 tristis
1192 2986 1225 3043 lt.

701 3063 846 3128 crudelis,
869 3070 986 3133 sterne,
1011 3086 1039 3124 et
1055 3068 1143 3144 asper,
1169 3071 1223 3127 du·

700 3166 768 3211 rus,
799 3152 933 3210 immitis.
971 3160 985 3222 (
993 3155 1091 3209 blandi
1120 3157 1224 3218 vultus,

700 3251 767 3287 cum
798 3236 909 3294 blandit
936 3242 1023 3294 oculis
1046 3242 1125 3313 apud
1147 3240 1223 3298 Plin.

698 3318 857 3380 11.N.x1.
880 3345 904 3378 c.
922 3336 971 3390 57.
999 3346 1021 3379 ι.
1043 3325 1121 3379 med.
1144 3345 1224 3382 com-

698 3409 837 3475 parandi,
862 3412 925 3465 sunt
950 3409 1060 3466 suroris
1085 3426 1115 3464 et
1136 3410 1224 3465 bene·

696 3490 843 3548 velentiae
866 3494 984 3550 Amoris
1007 3494 1133 3559 indicia,
1158 3494 1224 3569 qui·

700 3576 754 3632 bns
779 3578 903 3635 conlisus
927 3580 1067 3636 Tibullus
1090 3580 1121 3633 in
1145 3579 1225 3655 spem

699 3662 794 3719 selicis
810 3666 919 3720 amoris
937 3666 1092 3724 inducitur:
1106 3664 1153 3719 sed
1171 3662 1224 3721 ubi

699 3748 794 3822 prima
825 3752 962 3825 prospere
987 3750 1106 3812 cessere,
1143 3750 1224 3805 idem

699 3832 771 3889 deus
800 3834 929 3890 alienum
956 3852 985 3891 et
1006 3837 1137 3890 eversum
1162 3835 1223 3889 eui·

696 3906 780 3972 m'um
799 3919 937 3984 ostendit,
961 3920 1020 3983 vel,
1043 3936 1078 3975 ut
1095 3920 1229 3995 imagine·

697 4019 807 4059 retente
829 4004 934 4062 Albius
955 4006 1107 4080 loquitur,
1139 4002 1228 4078 tristis
1262 4064 1265 4071 ,

698 4104 727 4143 et
746 4087 827 4164 asper
840 4107 973 4167 apparet,
998 4108 1030 4145 ut
1045 4090 1114 4147 insr.
1131 4092 1176 4153 11,
1193 4100 1223 4157 5,

787 4257 858 4334 tristi
868 4259 969 4333 fronte
985 4262 1104 4336 Cupido.
1126 4262 1192 4329 W.)

698 4346 850 4418 Loquitur
880 4363 976 4402 autem
1001 4356 1088 4421 poe'tn
1112 4361 1163 4401 tut
1186 4343 1223 4399 de

698 4428 835 4507 pluribut
858 4432 1026 4494 amoribus,
1055 4431 1089 4487 in
1113 4428 1223 4505 quibus

1111 4516 1223 4592 semper
