2536 4852
144 504 202 598 ro
406 530 982 595 ratnramonesnnrun.

166 729 169 736 ·
229 701 394 768 Intactam
417 699 458 765 ab
479 699 576 765 initio
598 699 798 786 reliqueram
822 698 972 765 criticam
990 696 1069 763 libri
1084 690 1232 786 putem

144 829 226 875 mox
251 819 363 874 tamen
390 806 477 872 inter
501 804 679 891 legendum
710 805 954 890 intelligebam,
990 804 1232 869 retractandam

146 914 230 981 milri
243 918 304 981 esse
319 925 351 979 et
365 912 459 989 hanc,
482 910 730 999 primumquod
745 934 799 976 me
813 910 972 996 Scaligeri
987 921 1020 974 et
1034 909 1235 975 Broukbusri

146 1019 348 1096 auctoritati,
377 1018 432 1083 etsi
454 1016 495 1080 ab
514 1038 551 1079 ea
571 1016 634 1081 iam
658 1029 733 1082 ante
749 1017 784 1082 in
806 1017 919 1083 multis
931 1014 1014 1081 locis
1031 1017 1234 1094 recesseram,

145 1124 288 1191 nimium
308 1135 422 1188 tamen
445 1120 481 1186 in
501 1119 573 1185 aliis
596 1120 776 1187 etiamnum
801 1121 946 1188 tribuisse
967 1119 1139 1199 videbam3
1161 1130 1234 1184 tum

146 1231 234 1318 quod
256 1229 294 1295 in
313 1226 463 1294 lectionis
486 1225 695 1292 Tibullianae
715 1229 880 1306 lontibus,
912 1238 946 1292 et
967 1226 1085 1291 rivulis
1106 1247 1236 1314 propa-

144 1337 236 1425 gatis,
258 1334 446 1426 superiores
460 1329 655 1420 interpretes
672 1336 834 1421 sequutus,
856 1335 989 1423 prorsus
1004 1334 1235 1398 caecrrtieram.

142 1441 250 1508 Erant
273 1440 362 1506 enim
376 1459 472 1529 snunc
491 1435 532 1501 ad
548 1458 686 1503 manum
705 1439 865 1505 editiones
881 1440 993 1527 plru'es
1008 1442 1152 1513 veteres,
1180 1436 1236 1500 in·

144 1568 210 1634 que
225 1545 277 1611 his
294 1542 488 1620 Vioentina,
527 1542 680 1630 inprimis
703 1554 816 1610 autem
838 1542 1061 1619 Aldinarum,
1088 1554 1126 1605 ut
1139 1541 1236 1628 Gry-

143 1651 302 1743 phianus,
332 1647 548 1715 Colinaeanaa
570 1659 602 1713 et
623 1648 848 1716 Plautinianas
868 1660 1014 1729 taceam,
1046 1659 1236 1736 apparatus,

65 1816 71 1823 .
144 1757 202 1844 qui
218 1755 252 1821 in
262 1753 379 1843 priore
393 1753 582 1819 recensione
597 1775 673 1820 cum
689 1758 805 1822 ceteris
820 1754 988 1834 defuerat3
1009 1754 1124 1819 aderat
1135 1751 1237 1817 etiam

145 1860 255 1929 maior
268 1860 319 1926 rei
333 1859 466 1925 criticae
481 1861 566 1938 usus,
589 1872 626 1925 ut
638 1862 788 1927 lectionis
803 1860 1014 1926 Tibullianae
1030 1871 1063 1925 et
1078 1856 1236 1922 carminis

143 1986 207 2057 per
220 1965 349 2030 codices
365 1975 399 2029 et
414 1964 573 2029 editiones
587 1966 761 2056 propagati
782 1966 1015 2045 vicissitudines
1035 1977 1066 2030 et
1085 1962 1237 2029 fortunae

144 2093 236 2138 nunc
257 2069 397 2156 sagacius
422 2069 579 2157 indagare
600 2076 734 2161 possem.
777 2072 924 2162 Exposui
945 2071 996 2136 rei
1012 2072 1175 2135 summam
1200 2070 1237 2134 in

144 2176 434 2255 commentatione,
444 2174 522 2241 buio
529 2176 727 2266 praeliemini
740 2178 891 2255 subiecta,
907 2175 1082 2242 deTibulli
1093 2175 1236 2239 lectione

141 2285 199 2350 seu
214 2292 382 2348 contexto·
408 2280 463 2346 De
477 2284 608 2370 fingatis
625 2296 734 2350 autem
750 2278 947 2350 lectionibus
961 2281 996 2346 in
1011 2281 1141 2367 fingrdis
1156 2280 1236 2344 loris

142 2400 199 2455 aut
211 2388 340 2454 mutavi
353 2385 484 2475 priores
499 2388 761 2465 observationes,
780 2399 839 2453 aut
852 2411 956 2455 novae
973 2410 1015 2453 ex
1028 2409 1115 2451 nova
1128 2386 1237 2450 libro·

141 2516 220 2562 rum
240 2490 493 2583 comparatione
511 2495 661 2559 subustus
681 2493 843 2569 subtexui.
887 2493 1129 2560 Corvinianum
1151 2514 1236 2578 quo·

145 2623 211 2687 que
224 2620 315 2665 nuno
331 2598 506 2663 Tibullum
520 2598 657 2665 adhibui
669 2622 747 2664 eum
762 2601 920 2666 varietate
934 2598 1086 2665 lectionis
1106 2621 1126 2664 a
1140 2599 1237 2664 docta

145 2728 247 2773 manu
270 2704 377 2772 veteri
399 2701 537 2769 editioni
552 2703 751 2771 vicentinae
770 2707 950 2795 adscripta,
978 2716 1012 2769 et
1032 2727 1109 2773 cum
1130 2704 1196 2770 alia
1218 2725 1237 2770 a

142 2812 210 2877 Iao.
229 2809 336 2876 Tullii
363 2832 466 2876 manu
496 2808 662 2899 prosecta,
693 2813 736 2878 de
760 2834 826 2899 qua
843 2812 880 2876 in
895 2809 1012 2876 eadem
1030 2821 1237 2876 commenta·

144 2915 238 2981 done
249 2913 369 2981 monui
382 2915 587 3003 diligentius:
612 2917 648 2982 in
664 2940 728 3005 qua
742 2917 883 2983 omnino
896 2915 938 2981 de
951 2924 1020 2980 toto
1033 2915 1098 2980 boc
1104 2938 1237 3002 genere,

147 3020 254 3107 deque
276 3019 475 3087 editionibus
499 3021 654 3111 inprimis
674 3022 804 3088 Tibulli
833 3023 885 3108 egi
908 3023 1015 3086 multo
1041 3024 1236 3100 accuratius,

150 3147 251 3213 quum
273 3125 356 3190 olim
377 3150 396 3192 a
415 3151 477 3192 me
490 3125 563 3192 fieri
576 3126 707 3216 potuita
746 3128 858 3204 Nam,
879 3137 1116 3216 praeteream,
1137 3148 1238 3214 quarn

151 3232 234 3315 1472
248 3244 417 3298 exaratam
431 3244 632 3314 memorant,
653 3232 712 3297 vix
726 3233 794 3298 ulla
811 3233 857 3297 est
870 3231 1117 3308 editioTibulli,
1137 3252 1238 3318 quam

147 3356 219 3404 uun
235 3347 291 3402 aut
305 3337 388 3404 olim
404 3350 462 3404 aut
475 3358 565 3406 nune
578 3337 800 3429 inspexerim,
820 3348 854 3403 et
866 3337 965 3403 lectio
987 3337 1078 3403 uude
1099 3336 1240 3404 deductu

26 3508 29 3515 ,
148 3447 203 3521 lit,
223 3440 502 3528 investigaverim.
551 3446 644 3524 Nec,
673 3456 712 3509 ut
732 3442 849 3509 Vitam
870 3442 1000 3509 Tibulli
1023 3453 1240 3510 retractarem

149 3558 188 3613 ot·
201 3547 296 3614 vanis
318 3549 568 3616 ariolationibus
588 3550 720 3615 resectis
747 3570 803 3628 ea,
838 3570 1023 3636 quaecum
1044 3545 1111 3614 fide
1131 3549 1241 3636 aliqua

149 3652 217 3719 dici
231 3658 377 3743 potsunt,
396 3655 640 3742 relinquerem,
661 3654 703 3720 ab
717 3653 826 3722 officio
842 3654 924 3725 boui
943 3652 1134 3743 interpretis
1158 3656 1241 3723 alie-

150 3780 235 3825 num
246 3763 310 3825 effe.
320 3761 455 3850 putavit
476 3782 544 3849 quo
559 3760 698 3828 omnino
711 3760 758 3829 ita
770 3783 827 3829 me
839 3758 1034 3827 defunctum
1050 3763 1111 3826 esse
1125 3760 1242 3839 velim,

150 3876 188 3931 at
202 3865 440 3945 adolescentes,
461 3866 521 3953 qui
531 3867 570 3938 in
583 3865 649 3932 boc
661 3887 784 3956 genere
806 3866 934 3934 virium
951 3869 1088 3933 sumum
1106 3865 1247 3956 pericu·'

73 3976 75 3979 ’
149 3970 222 4041 ton
236 3970 347 4040 secere
358 3972 495 4052 volunt,
515 3970 657 4039 babeant
673 3974 885 4065 exemplum,
904 3992 970 4061 quo
989 3971 1031 4037 ad
1053 3971 1119 4037 alia
1136 3994 1241 4060 eaque

148 4079 306 4166 parion
326 4078 498 4147 tractanda
516 4078 567 4145 uti
588 4079 718 4170 pofflnt«

174 4216 188 4241 ··
235 4184 308 4255 se.
320 4185 361 4254 in
374 4182 521 4276 uergit
535 4182 684 4274 August·
701 4184 735 4255 d.
750 4203 802 4257 vr·
815 4182 903 4255 Maii
915 4194 1177 4253 crorocomv.

584 4342 820 4376 -ψ-

1183 4505 1241 4565 ΒΕ
