2536 4852
143 560 245 614 xvm
389 580 394 585 ·
546 544 606 604 DE
631 541 828 605 TIBVLIrl
875 590 880 600 .
924 550 951 586 '·

231 719 329 780 Ianua
343 698 450 798 Dousa
464 726 549 795 pater
565 735 581 772 a
597 710 696 793 Lipfio
711 714 868 772 lectionum
888 712 918 768 in
934 704 1085 769 Tibullum
1110 708 1238 766 varicta-

147 836 370 904 terricrepum,
392 842 464 899 quaa
480 820 547 893 ille,
569 818 640 876 dum
655 821 764 877 Rornae
784 817 852 878 effct
861 859 870 890 ,
893 838 929 876 er
942 817 1071 893 amiqua
1086 811 1239 872 membra·

148 949 313 993 merorum
325 928 465 987 codicum
471 926 541 1002 fida
555 921 752 1001 excerpserat,
780 944 796 981 e
811 924 919 1001 quibua
938 918 1109 997 infigniores
1126 940 1239 977 momo-

148 1038 225 1095 ravit
253 1036 284 1092 in
312 1031 514 1092 Praecidaueis
544 1029 576 1086 iu
598 1028 752 1086 Tibullum
774 1049 799 1085 c.
827 1027 941 1087 15.16.
986 1026 1060 1082 Sunt
1085 1024 1161 1080 inter
1192 1043 1240 1082 cet

106 1119 109 1124 Ι
149 1138 328 1212 nonnullae,
355 1112 476 1215 quaein
492 1134 583 1193 nullia
599 1134 665 1191 aliia
678 1133 765 1191 libris
783 1133 986 1211 reperiuntur,
1009 1128 1139 1187 utlacilc
1153 1124 1242 1206 possit

149 1241 278 1322 suspicio
301 1238 453 1312 subnasci,
492 1240 571 1297 libro
594 1236 701 1296 nostris
723 1239 889 1316 antiquiore
911 1231 1040 1315 Lipfium
1062 1231 1146 1293 usum
1167 1230 1241 1311 effe,

149 1369 251 1409 verum
272 1345 340 1406 sunt
359 1367 409 1405 cae
434 1346 493 1404 lere
513 1342 673 1418 eiusmodi,
703 1357 736 1402 ut
757 1365 775 1402 e
797 1344 854 1402 viri
875 1343 998 1401 alicuius
1020 1341 1099 1398 docti
1122 1339 1242 1417 ingenio

150 1454 300 1534 profectae
320 1447 377 1510 effe
397 1450 491 1510 videri
511 1444 631 1527 possint.
681 1449 765 1519 Nam,
777 1441 856 1526 quod
876 1448 932 1506 boc
954 1444 1055 1506 saltem
1072 1445 1139 1504 loco
1160 1467 1177 1502 a
1196 1464 1241 1503 me

151 1557 332 1616 monendum
347 1554 404 1629 cst,
433 1575 517 1626 cum,
547 1552 711 1612 litterarum
730 1556 916 1632 antiquarum
929 1551 1026 1611 studio
1039 1551 1175 1624 reducto,
1205 1550 1243 1609 ad

152 1663 288 1743 poeticen
301 1662 463 1719 Romanam
478 1658 637 1716 multorum
651 1661 770 1736 ingenio
784 1657 898 1717 saeculo
910 1660 1035 1720 tutuo
1047 1660 1111 1719 XV.
1126 1653 1156 1714 sc
1169 1675 1242 1713 cou—

152 1778 316 1836 verterent,
347 1765 484 1822 Tibullus
500 1764 638 1842 inprimis
654 1765 709 1821 luit
725 1767 767 1837 ir,
796 1785 882 1842 quem
898 1766 1098 1844 exprimerent
1112 1762 1243 1822 certatim

153 1872 231 1931 Itali.
292 1870 422 1928 Laudari
451 1869 510 1926 iam
538 1865 626 1946 supra
645 1871 801 1928 Herculem
823 1873 1001 1943 suorum,
1022 1867 1243 1935 Sannazarium,

153 1978 338 2047 Poutenurm
374 1973 488 2032 videbit
515 1972 588 2031 alios
613 1974 655 2046 is,
688 1977 741 2053 qui
769 1976 910 2034 Italorum
937 1984 1097 2056 poetarum
1123 1971 1244 2029 deliciae

87 2080 90 2086 ’
155 2081 271 2138 adierit.
315 2080 378 2134 Hoc
399 2075 686 2155 iugeniostffimoruru
706 2079 859 2139 bominum
883 2079 980 2138 studio
1003 2081 1109 2138 lactum
1125 2073 1184 2147 cst,
1213 2086 1245 2132 ut

155 2184 270 2245 Tibulli
292 2183 468 2262 exemplaria
489 2184 746 2245 circumferrentur
767 2184 872 2266 posstnt
895 2209 911 2244 ιι
931 2187 1003 2247 viris
1023 2184 1116 2243 doctis
1144 2203 1244 2239 emcn-

156 2292 242 2364 data,
266 2290 395 2353 ‚lacunis
420 2290 509 2347 ctiam
532 2286 674 2368 suppletis
682 2328 692 2365 ,
731 2292 862 2370 adeoque
890 2291 1035 2350 eiusmodi
1060 2288 1246 2366 exemplaria,

157 2418 247 2476 quac,
270 2417 339 2456 vcro
355 2395 491 2466 nomine,
522 2395 804 2475 mterpolatatemut.
848 2397 939 2454 Multa
959 2398 1048 2473 igitur
1067 2393 1245 2453 eliminanda

104 2516 110 2539 ·
157 2504 239 2561 lucre
261 2503 292 2558 iu
314 2500 419 2577 primis
443 2501 549 2556 Mureti
577 2500 809 2578 recenliouibua;
848 2502 885 2559 de
906 2502 1012 2578 quibua
1032 2498 1152 2578 singulis
1174 2499 1246 2557 locis

158 2605 335 2664 monuimus.
388 2605 483 2681 Atque
511 2604 583 2664 baec
610 2627 679 2682 cum
704 2628 766 2667 non
795 2584 932 2683 sugillent
958 2608 1016 2686 Joſs
1041 2609 1245 2683 scaligero»,

159 2712 256 2770 rirum
274 2708 376 2767 iudicii
399 2721 428 2765 et
446 2709 555 2785 ingenii
572 2713 601 2770 vi
618 2709 909 2792 praestantissimum,
938 2733 1005 2772 curn
1025 2711 1078 2770 fibi
1100 2712 1249 2771 videretur

159 2837 220 2874 non
234 2834 327 2894 pauca
344 2812 407 2870 loco
424 2813 455 2869 in
471 2813 583 2872 Tibulli
597 2818 698 2894 elegiis
712 2811 949 2894 deprehendere,
979 2839 1052 2897 quae
1075 2816 1158 2873 nullo
1179 2813 1249 2874 len·

158 2918 209 2980 sus
232 2919 351 2978 vinculo
373 2920 452 2976 inter
472 2916 501 2977 se
523 2921 856 3000 comprehenderentur,
894 2943 959 2980 eum
983 2926 1015 2980 in
1035 2918 1249 2981 eorsubsutera

160 3025 295 3095 deberet,
334 3036 365 3080 ut
387 3024 517 3103 plurium
543 3026 701 3101 elegiarum
730 3029 873 3106 excerptis
893 3031 1021 3107 primam
1043 3040 1071 3086 et
1093 3023 1248 3086 fecundam

161 3129 233 3188 libri
254 3130 343 3206 primi
359 3128 489 3187 constare
503 3130 628 3200 diceret,
658 3152 693 3188 eo
708 3131 841 3204 devenit,
870 3148 902 3191 ut
915 3133 1016 3194 versus
1029 3131 1190 3192 nonnullos
1214 3150 1249 3190 ex

160 3235 258 3293 minue
274 3235 424 3292 commodo
440 3236 471 3291 in
489 3234 730 3308 commodiorem,
753 3250 787 3294 ut
800 3239 828 3296 ci
844 3239 1015 3314 videbatur,
1033 3240 1132 3298 locum
1149 3251 1248 3296 tranr-

161 3340 266 3414 ferret,
296 3339 376 3417 quod
390 3336 554 3398 institutum
568 3340 646 3398 idem
665 3343 697 3400 in
712 3344 881 3422 Propertio,
904 3347 1037 3405 etiamin
1054 3346 1192 3418 Manilio,
1221 3354 1250 3402 et

161 3446 193 3503 iu
208 3444 356 3522 Sulpiciae
370 3443 457 3504 satira
466 3488 474 3517 ,
497 3443 595 3504 Dousa
612 3448 730 3523 quidem
746 3462 777 3506 ct
791 3450 909 3509 Bar-thio
923 3450 1085 3529 probante,
1114 3448 1248 3510 servavit.

161 3551 199 3608 Et
218 3549 310 3609 nostri
333 3550 451 3628 quidem
472 3558 576 3628 po'e'tae
597 3551 886 3633 elegiamprimam,
930 3569 963 3616 ut
992 3557 1148 3635 pleresque
1178 3555 1249 3614 libri

160 3658 269 3735 prioris
276 3698 285 3727 ,
324 3655 413 3734 plone
438 3653 602 3735 diremptu,
639 3669 669 3716 et
693 3667 833 3739 tanquam
863 3659 985 3741 Absyrti
1006 3664 1130 3721 alicuius
1154 3661 1250 3720 lacera

161 3762 309 3832 membra,
330 3772 428 3837 partes
443 3762 505 3817 eius
520 3759 663 3839 disperfit.
706 3767 874 3840 Enimvero,
892 3779 925 3824 ut
940 3769 1114 3841 concodtm,
1139 3767 1251 3845 aliquot

160 3869 299 3945 paginae,
337 3863 448 3941 aliquot
475 3863 592 3940 versus,
630 3870 711 3948 quod
738 3873 905 3944 interdum,
944 3894 972 3933 v.
995 3876 1081 3932 ofin
1107 3874 1248 3947 Lucieno,

161 3972 269 4030 sactum
281 3969 426 4042 vidimus,
447 3970 635 4050 trmapofitoa
646 3973 720 4053 effe,
737 3977 769 4055 *)
797 3989 893 4037 tamen
909 3979 984 4038 illud
993 3977 1175 4036 'incredibile
1195 3976 1247 4052 cll,

1217 4102 1249 4141 ιι

194 4241 226 4305 l)
244 4238 366 4309 Scaliger
378 4217 563 4306 ίιιῖοοιιιιιιιῑιιῐ.7
579 4265 608 4318 p.
618 4247 679 4304 226.
724 4249 808 4322 plur,
827 4271 860 4305 ex
875 4269 927 4323 quo
940 4253 1032 4304 omniu
1048 4247 1160 4317 Tibulli,
1178 4267 1248 4322 quoe

159 4326 260 4396 Legem
282 4329 367 4380 vitum
384 4333 465 4384 lruiur
484 4342 586 4403 poclm
605 4338 680 4406 apud
727 4337 807 4391 laodic
835 4350 948 4406 extant,
984 4348 1148 4417 propagata
1170 4337 1248 4408 sunt,

158 4412 194 4461 L.
212 4414 381 4482 (ᾐγιιιίιίιιιιι,Ι
406 4419 445 4471 iti
461 4420 565 4474 videbis
587 4438 677 4474 exem·
727 4421 834 4499 aliquot
847 4425 971 4504 pagellis
989 4416 1166 4507 tranupqsttir
1183 4433 1248 4474 tur-

1149 4509 1245 4570 batum
