2536 4852
132 531 228 583 xxiv
527 512 588 571 nr
616 465 819 569 crs-verr
872 540 876 547 -
945 540 950 551 ,
1016 517 1026 531 ·

69 710 71 717 ’
134 682 274 749 editionis
295 681 423 744 Venetae
449 680 538 759 1475.
563 677 699 759 seriptee3
736 692 871 757 excerpts
895 696 932 735 ex
951 687 1049 737 vetere
1062 675 1152 736 libro
1172 677 1227 737 Ge.
1259 675 1265 686 '

135 789 343 866 Falooburgii,
367 789 504 866 equibus
519 800 615 846 umen
630 787 707 846 nihil
720 786 841 843 allatum
855 783 927 843 vidi.
946 781 983 854 *t
1025 785 1069 842 De
1095 796 1156 840 toto
1173 781 1230 842 hoe

135 907 337 974 excerptarurn
367 895 544 953 variantium
571 893 730 951 lectionum
759 911 863 968 genere
892 887 1088 961 monendum,
1127 909 1231 964 magna

136 997 395 1078 eircumspectione
418 1011 447 1057 et
465 1001 598 1058 cautione
614 1021 714 1058 esrum
729 995 812 1055 usum
828 994 969 1070 indigere.
1014 988 1087 1053 Nain
1103 995 1233 1072 primum

137 1126 174 1165 ex
190 1126 249 1164 uno
261 1104 419 1183 exemplari
435 1099 597 1184 descriptae
612 1117 640 1163 et
655 1103 811 1163 translatae
827 1101 886 1159 sere
907 1097 975 1158 sunt
999 1101 1030 1158 in
1051 1100 1142 1178 plura
1164 1099 1232 1171 alie,

139 1211 238 1270 addita
259 1212 295 1268 iis
318 1208 423 1289 passim
439 1232 455 1266 a
473 1210 544 1267 viris
568 1211 661 1271 doctis
684 1210 758 1281 alia,
786 1227 859 1286 quae
881 1207 922 1277 ii,
951 1208 1002 1284 qui
1025 1202 1234 1276 describerent,

140 1313 245 1395 etipsa
260 1318 338 1374 inter
351 1316 518 1373 varietatem
533 1317 669 1374 lectionis
679 1315 830 1373 referrent.
873 1317 919 1371 lta
933 1315 965 1370 in
979 1311 1102 1383 Pocobi,
1125 1308 1234 1369 Colotii

139 1434 168 1480 et
191 1422 302 1480 Perreii
328 1422 470 1499 excerptis
498 1420 675 1480 lectionibus
697 1421 805 1480 multae
827 1416 896 1478 lunt
923 1420 1054 1503 virerum
1082 1416 1235 1476 doctorum

140 1529 336 1587 eorrectioncs
359 1526 406 1584 vel
429 1523 631 1605 suspiciones,¹
652 1527 743 1584 mults
756 1525 813 1584 elia
827 1544 862 1582 ex
876 1502 1024 1582 veteribus
1045 1520 1235 1593 editionibus,

141 1632 229 1691 etiam
252 1632 387 1701 aldinis,
425 1629 589 1711 adscripta,
630 1654 704 1710 quae
731 1649 888 1710 perperam
914 1648 970 1707 pro
996 1649 1073 1685 nova
1103 1628 1239 1685 codicum

140 1734 280 1793 varietate
302 1734 402 1794 habita
424 1734 503 1796 sunt.
565 1735 736 1816 Inspcxerat
758 1737 846 1793 etiam
873 1729 1006 1792 Heinsius
1035 1734 1095 1790 duo
1123 1733 1240 1801 oodices

140 1837 337 1903 bibliethecae
369 1842 544 1901 Bodleiense
576 1864 611 1900 cx
642 1845 720 1899 dono
753 1837 977 1919 Arcbicpiloopi
1008 1835 1240 1911 Cantuaricnfis3

140 1942 280 2019 (quantun
303 1947 376 2004 alter
397 1947 476 2005 idern
499 1968 565 2006 cum
586 1943 731 2005 Laudensr
755 1943 811 2002 effe
832 1943 954 2024 debuit)
975 1956 1034 2002 tres
1048 1944 1163 2002 codices
1180 1945 1240 2000 Ar-

57 2122 67 2129 ·
143 2046 325 2129 ohiepiscopi
345 2050 553 2125 Eborsccnfie,
592 2065 621 2108 et
646 2053 724 2108 inter
753 2048 807 2107 hos
836 2066 945 2121 unum,
983 2051 1133 2120 omniurn,
1167 2069 1240 2124 quos

107 2211 114 2238 ·.
146 2153 527 2237 rideret,verustils1num.
570 2157 614 2213 Ex
631 2153 761 2211 eiusdem
774 2150 1242 2233 Adversariis‚'postbaoaBur-

145 2278 253 2317 manno
269 2262 403 2320 Secundo
426 2266 458 2320 in
480 2264 575 2320 lucem
600 2260 693 2331 datis,
722 2273 826 2338 caput,
852 2262 959 2338 inquo
977 2262 1069 2318 multa
1088 2258 1180 2318 nostri
1204 2260 1242 2318 il-

142 2360 322 2437 lustrentur,
343 2366 439 2441 (libri
455 2367 551 2442 quarti
572 2386 597 2424 1.
615 2377 643 2467 pt
661 2363 716 2440 a.)
736 2365 844 2423 adiecit
864 2367 988 2424 editioni
1003 2363 1071 2423 suae
1087 2366 1243 2425 Broukhu-

144 2463 218 2544 ftus3
241 2473 311 2530 item
323 2486 408 2531 notas
423 2468 543 2543 Heinsri,
565 2472 597 2528 in
613 2471 720 2547 quibus
736 2489 801 2527 cum
817 2472 925 2531 multae
939 2472 1003 2530 eius
1016 2471 1244 2545 emendationes,

147 2573 208 2633 sere
230 2588 327 2635 tamen
350 2574 516 2653 ingeniosae
537 2578 653 2655 potius,
686 2595 774 2653 quarn
793 2598 900 2741 ple,
933 2592 1143 2655 apponuntur,
1172 2589 1246 2649 tum,

147 2692 264 2758 praeter
286 2683 433 2740 variantes
454 2682 538 2740 Statii
559 2694 587 2740 et
609 2681 767 2759 scaligeri,
864 2692 931 2760 rpta
952 2702 988 2739 ex
1007 2683 1087 2740 libro
1102 2683 1248 2745 schefferi

148 2783 316 2845 laudantur.
360 2781 473 2844 Inserta
493 2787 528 2844 iis
550 2787 638 2845 otiam
662 2809 713 2859 ea,
743 2808 816 2866 quae
838 2787 1005 2864 sGuyoto,
1034 2786 1092 2847 srve
1110 2811 1146 2846 ex
1162 2791 1247 2868 inge·

150 2891 220 2960 uio,
241 2889 327 2950 srcee
344 2891 423 2948 libro
439 2890 573 2963 l'huani,
596 2914 630 2949 ex
645 2894 807 2973 excerptis,
828 2888 930 2949 neseio
943 2891 1068 2967 quibus,
1098 2896 1168 2952 rudi
1181 2893 1249 2956 stilo

151 2990 326 3074 conscriptis
341 3010 369 3054 ct
384 3019 399 3053 c
416 2996 514 3054 codice
528 2998 638 3074 Regio,
662 3001 694 3057 in
710 2996 842 3056 nostrum
856 3010 956 3054 notata
971 2998 1097 3055 suerent.

238 3103 324 3162 LA·
348 3104 494 3180 Vulpius,
525 3090 670 3161 Professor
694 3099 845 3180 Gymnrsri
867 3104 1018 3176 Patavini,
1045 3104 1093 3160 -vir
1116 3099 1250 3161 doctisss-

143 3223 255 3277 ·mus,·
277 3207 462 3284 Sceligcrsna
499 3208 667 3267 luxatorum
695 3209 859 3265 carminum
890 3206 1115 3288 transpositione
1143 3209 1250 3267 iterum

40 3344 43 3350 ·
154 3310 261 3384 eiecta,
294 3314 379 3370 etiarn
398 3317 429 3373 in
449 3314 574 3373 lectione
591 3313 690 3371 multis
703 3314 734 3371 in
749 3311 822 3372 locis
838 3335 854 3372 s
871 3314 1021 3393 Scaligero
1037 3335 1071 3372 ae
1089 3299 1256 3373 erodes-⁴

132 3411 195 3473 =fio
220 3414 347 3476 recessit:
389 3433 422 3477 ut
454 3423 516 3479 eius
539 3421 612 3478 adeo
649 3418 809 3477 editionem
845 3421 970 3479 fundum
1005 3418 1121 3476 nostrae
1157 3419 1250 3476 secere

156 3520 321 3582 consultum
347 3526 506 3584 rideretur.
565 3524 646 3581 Idem
668 3527 816 3584 variantes
838 3526 977 3585 lectiones
1001 3544 1036 3582 ex
1060 3519 1252 3580 Foroiulicafl

157 3627 241 3687 Msro
257 3632 357 3689 codice
376 3631 591 3702 Guarnerisno,
613 3630 810 3689 bibliothecae
823 3633 853 3690 S.
864 3631 1008 3700 Danielis,
1030 3629 1252 3686 membranaceo

158 3730 265 3794 sacculi
280 3739 345 3796 XV.
362 3731 570 3812 elegantissuue
585 3733 710 3813 scripto,
731 3751 881 3815 excerptas
900 3737 1039 3794 editionis
1061 3732 1128 3791 sune
1148 3734 1252 3811 primis

158 3842 275 3918 paginis
288 3840 428 3901 inseruit:
460 3860 536 3917 quac
550 3853 645 3899 temon
663 3861 723 3898 non
740 3839 893 3904 suntsdeo
904 3845 1004 3923 magni
1018 3839 1176 3910 momenti,
1205 3836 1254 3896 led

160 3945 269 4028 ruique
282 3966 349 4006 cum
364 3946 467 4005 ceteris
483 3945 569 4004 libris
590 3949 778 4008 conveniunt

1137 4050 1253 4129 Vulpii,

206 4217 239 4285 st)
269 4215 375 4273 Eodem
399 4217 457 4282 lere
485 4233 615 4291 apparatu
639 4226 683 4276 in·
731 4226 816 4297 tertii,
832 4225 864 4277 iu
880 4237 934 4293 qus
949 4218 1178 4281 eumdeceteris,
1197 4231 1256 4271 uuu

162 4300 276 4357 linurin
293 4300 552 4381 suitflP.Burniann.
568 4315 685 4365 msere
708 4311 878 4381 ‚praecipue
908 4306 942 4362 de
973 4307 1081 4385 baresii
1111 4305 1257 4375 Excerptis

162 4386 684 4472 Propertiiroceufioue.r.preef.t'ur·
733 4405 857 4451 euenere
878 4391 976 4465 agini.
1008 4456 1013 4463 ,
1058 4470 1062 4479 Ι
