2550 4876
273 572 552 638 contelevs
586 576 646 634 ET
683 575 1017 640 EDITIONIBVS.
1150 599 1200 651 ΙΝ

164 741 330 802 Poe'mcmn
343 744 493 819 selectae
511 746 650 816 Catullo,
678 745 799 806 Tibullo
811 759 840 805 et
853 750 1016 826 Propertio
1030 770 1100 808 cum
1116 756 1198 813 nets'a

95 846 210 920 Vnrflii.
237 845 371 925 Lipsiae.
416 859 446 918 8.
475 850 564 920 1675.

175 951 340 1022 Catullus,
368 956 521 1026 aetutem
540 959 732 1032 Propertius,
756 961 953 1029 ereeeastone
965 959 993 1018 1.
1005 959 1044 1017 0.
1057 961 1194 1035 Graevii,

96 1076 158 1113 cum
171 1059 258 1114 notis
274 1060 410 1134 integris
423 1061 483 1138 lofi
500 1062 663 1138 Scaligeri,
687 1066 736 1123 M.
751 1068 826 1124 Ant·
841 1065 970 1132 Mureti,
991 1061 1071 1122 Aeli.
1085 1065 1193 1136 Statii,

94 1162 162 1220 lieb-
183 1164 280 1233 Titii,
307 1164 400 1222 Hier.
418 1168 565 1238 ,leantii,
589 1169 661 1226 larii
675 1169 799 1245 Dotesae
809 1169 912 1244 patre'e
925 1178 954 1223 et
959 1165 1035 1242 filu
1041 1208 1052 1236 ,
1079 1166 1190 1228 Tlteod.

95 1270 249 1336 ttaretttt,
272 1287 331 1324 nee
343 1286 406 1325 nort
415 1269 539 1346 selectis
553 1273 691 1331 aliorum.
715 1274 794 1329 Trai.
808 1271 845 1328 ad
860 1271 1005 1328 Rhenum.
1028 1281 1058 1339 8.
1077 1271 1168 1342 1680.
1243 1266 1250 1292 ’

153 1371 281 1428 Graeaii
291 1392 399 1429 nomen
412 1370 551 1432 mutuasse
559 1378 792 1435 tantumvidetur
800 1372 1053 1432 astutuslihrarius
1061 1375 1098 1431 ad
1108 1375 1189 1434 irau-

95 1478 156 1534 tlem
170 1476 350 1549 sariendam,
373 1497 542 1556 quanquam
554 1482 615 1538 eius
629 1483 772 1558 praelatio
787 1480 817 1537 in
831 1480 926 1555 capite
940 1477 1056 1554 legitur.
1079 1479 1190 1541 Omnia

96 1581 285 1658 indiligenter
298 1579 437 1658 disposita
453 1597 481 1640 et
495 1606 599 1662 parum
614 1588 757 1650 concinne
765 1606 774 1658 3
794 1605 847 1640 nee
861 1604 926 1640 eum
940 1603 1009 1639 cura
1023 1581 1163 1661 expressa.

179 1685 310 1756 Catulli,
335 1684 461 1757 Tibulli,
483 1691 650 1764 Propertii,
673 1710 780 1764 opere,
801 1692 1045 1764 interpretatione
1064 1689 1185 1758 ornetis

98 1790 248 1865 illustrata
261 1811 283 1846 a
298 1788 384 1850 Pltil·
403 1792 502 1850 Sitito
516 1797 549 1851 tn
563 1796 647 1872 teftem
659 1793 816 1872 Delphini.
838 1791 928 1851 Paris.
954 1801 986 1866 4.
1005 1793 1097 1865 ²⁶85«
1128 1793 1130 1803 '

173 1894 253 1954 Vide
266 1893 305 1950 de
322 1914 356 1950 ea
372 1894 514 1953 iudicium
529 1899 657 1955 Fabricii
673 1921 703 1976 p.
720 1901 769 1958 56.
786 1893 853 1977 (94.
868 1898 913 1954 ed.
932 1898 1016 1969 nov.)
1045 1885 1050 1893 ”

175 1995 303 2072 Catulli,
328 1998 444 2057 Tibulli
459 2015 488 2057 et
496 2005 650 2077 Propertii
664 2023 757 2079 opera
772 2004 818 2059 ad
831 2006 1011 2077 optimorum
1025 2001 1180 2076 exemple-

95 2109 170 2163 riem
185 2104 289 2182 fidem
302 2105 460 2174 reeenfita.
504 2107 579 2165 Ace.
595 2110 752 2166 varianter
770 2109 910 2167 lentimm
924 2129 940 2166 e
954 2108 1054 2168 MSS·
1069 2107 1180 2165 Canu·

94 2208 208 2284 brigiae.
252 2221 283 2283 4.
306 2220 399 2278 2702.

175 2313 338 2392 Splendida
369 2327 398 2372 et
426 2315 503 2373 inter
530 2331 639 2375 ceteras
667 2316 825 2396 conspicua
853 2315 943 2372 editio
972 2308 1052 2391 ipsos
1077 2323 1178 2390 poitas

92 2419 330 2477 emendaeiffimos
346 2418 474 2478 exhibet.
518 2423 621 2481 Editor
634 2446 694 2482 var.
711 2426 789 2482 Lect.
807 2421 913 2477 adiecit
926 2438 990 2475 cum
1005 2438 1039 2474 ex
1053 2417 1177 2475 alioruin

95 2525 329 2581 annotationibus
352 2539 520 2605 excerptas,
551 2541 609 2586 tum
632 2551 666 2586 ex
683 2529 757 2587 cod.
774 2520 934 2593 Laudenst,
962 2520 1177 2579 Collationibua

95 2631 123 2685 in
137 2631 268 2705 margine
282 2631 409 2687 Aldinae
424 2630 593 2711 adscriptis,
617 2634 682 2690 aliis
702 2630 907 2690 collationibus
925 2627 1028 2686 Octav-
1038 2626 1176 2698 Ferrarii,
1211 2630 1215 2637 '

96 2734 157 2790 item
181 2755 217 2791 ex
243 2736 373 2811 antiquis
392 2737 462 2794 edit.
488 2741 558 2815 fleg.
579 2741 650 2817 Lep.
673 2741 750 2798 Brix.
768 2738 845 2796 Ven.
862 2734 930 2790 tid.
947 2732 1044 2789 Colin.
1088 2729 1175 2788 Cous.

94 2858 162 2914 quae
185 2835 273 2916 supra
290 2840 327 2896 de
341 2862 374 2896 ea
388 2842 465 2899 dieta
488 2839 565 2900 sent.
965 2848 968 2854 ’

173 2944 263 3004 Aleti
288 2946 421 3020 Tibulli,
449 2950 571 3028 Equiti
594 2949 739 3016 Romani,
757 2967 835 3026 quae
859 2953 980 3014 extant,
1010 2940 1060 2999 'ad
1072 2939 1175 3015 sidem

92 3061 221 3109 veterum
238 3050 486 3112 membratmrum
497 3053 605 3133 sedulo
625 3056 787 3132 castigata.
831 3049 991 3109 Accedent
1004 3057 1093 3129 tentae
1106 3063 1174 3102 eum

93 3175 155 3215 νῦν.
169 3156 237 3215 leet.
251 3153 363 3218 tilieto.
384 3156 493 3233 (studio
512 3159 575 3215 lani
590 3155 734 3238 Broulrh.)
754 3154 845 3215 Amst.
859 3166 889 3232 4.
912 3163 1002 3228 1708.

173 3262 250 3317 Satis
265 3260 303 3317 de
318 3283 350 3319 ee
368 3260 454 3342 supra
470 3263 580 3321 dictum
595 3262 645 3319 est.

176 3362 211 3424 G.
236 3367 343 3427 Valet.
368 3369 521 3439 tamum,
551 3369 593 3428 A.
613 3367 767 3437 Tibullus,
788 3368 857 3426 See.
872 3366 980 3424 Aurel.
996 3362 1178 3436 Propertius

93 3493 127 3531 ex
138 3475 306 3544 reeenfione
319 3474 366 3532 Ιο.
382 3474 457 3533 Ant.
478 3475 512 3533 V
508 3474 587 3549 ulpil
601 3474 810 3550 Bergomerrste
816 3512 828 3542 ,
848 3489 916 3525 eum
930 3467 1061 3526 eiusdem
1074 3463 1172 3527 obser-

95 3578 271 3636 vationibus.
315 3579 426 3635 Patauii
448 3600 499 3655 ap.
518 3578 577 3657 loſs
597 3579 723 3636 Cercina.
766 3586 904 3648 41710.

173 3686 211 3741 Et
225 3679 413 3751 adolescens,
431 3696 459 3738 et
472 3682 604 3739 nondum
617 3678 678 3738 visa
693 3677 925 3746 Broukhusrana,
944 3676 1021 3733 hane
1043 3671 1175 3732 emiserat

96 3791 137 3847 tir
149 3787 334 3847 doctissimus.
375 3787 466 3844 llulta
481 3787 646 3844 retractavit
660 3787 690 3840 in
704 3786 831 3842 editione
845 3780 1013 3862 posteriore.

172 3898 207 3951 ln
230 3890 309 3951 Edd.
332 3892 544 3950 recentioribus
567 3912 639 3969 quae
664 3887 840 3966 sequuntur,
870 3884 1000 3944 obtinere
1023 3883 1078 3941 hoc
1098 3903 1114 3940 a
1131 3900 1195 3949 me,

95 3995 153 4075 ipse
181 4020 241 4056 non
271 3996 373 4075 potui,
411 4007 444 4051 ut
467 3995 581 4067 eadem,
620 4017 676 4072 qua
700 3992 878 4073 superiores,
912 3991 1035 4048 maxime
1058 3998 1178 4057 ueteres,

97 4102 244 4179 diligentia
275 4097 458 4159 recenserem
483 4112 533 4156 aut
559 4102 663 4158 iterum
691 4097 816 4182 singulas
844 4108 1014 4156 excuterem.
1066 4095 1125 4164 lite
1146 4088 1179 4150 id

95 4207 183 4265 lacere
199 4226 307 4285 operae
320 4205 449 4283 pretium
462 4218 534 4277 erat.
574 4226 579 4255 ι

178 4312 314 4384 Catulli,
348 4309 482 4378 Tibulli,
511 4312 678 4389 Propertii
692 4329 792 4388 opera.
844 4305 1002 4367 Accedunt
1029 4298 1178 4383 qtsaedarrt-

98 4417 264 4485 etmenden·
274 4414 447 4491 1³⁰th
457 4418 598 4475 careum
609 4434 722 4495 graece
734 4415 843 4498 versa,
872 4432 940 4471 ωιτη
963 4409 1021 4472 ndu
1034 4406 1179 4482 Supplices

1081 4532 1102 4570 a
1120 4511 1182 4572 Cn.
