2536 4852
301 579 402 645 LIB.
424 582 451 645 I.
496 585 650 648 ELEG.
673 587 712 650 V.
1008 596 1049 684 57

92 752 103 826 l
127 771 216 856 agat
243 782 265 831 e
290 760 420 834 triviis
443 760 574 860 aspera
589 765 705 839 turba
719 792 870 851 canum.

92 903 172 977 ent;
204 889 272 965 det
299 892 405 991 figna
424 892 543 984 deus;
570 893 664 971 suut
679 903 1017 997 numinaamanti,

92 1023 147 1095 vit
175 1038 214 1096 et
237 1024 382 1098 iniusta
403 1026 490 1125 lege
517 1029 652 1104 relicta
676 1038 823 1112 Venus.
877 1060 880 1065 ’

96 1178 219 1253 quam
243 1158 418 1255 primum
438 1157 547 1259 sagae
564 1182 770 1266 praecepta
786 1171 934 1267 rapacis
972 1219 975 1223 -

92 1283 180 1378 ere3
209 1314 303 1363 nam
327 1288 445 1365 donis
471 1294 650 1371 vincitur
674 1304 805 1376 omnis
829 1326 960 1378 amor:
993 1313 1048 1382 60

92 1444 110 1491 r
132 1421 208 1493 erit
230 1419 384 1522 praesto
405 1421 559 1526 semper
573 1428 668 1503 tibi:
698 1457 850 1533 pauper
867 1433 993 1511 adibit

92 1578 188 1640 nus,
218 1568 257 1627 et
277 1557 321 1627 in
336 1570 472 1630 tenero
494 1554 595 1635 fixus
611 1564 686 1635 erit
701 1565 820 1640 latere
829 1597 845 1659 ;.

92 1709 112 1759 r
136 1691 183 1759 in
208 1685 374 1787 angusto
398 1684 503 1765 fidus
526 1716 658 1770 comes
676 1701 834 1796 agmine
852 1701 991 1777 turbae

950 1835 1051 1911 Sub·

92 2067 325 2145 ’oft-canam.)
342 2096 398 2153 pro
413 2078 479 2134 vul·
574 2084 637 2138 Neu
654 2104 736 2139 uacet
751 2087 843 2158 pueris
859 2098 942 2159 neget

92 2155 142 2232 'ost
166 2190 205 2201 —
228 2166 330 2228 (eam)
367 2179 477 2237 agente.
571 2166 713 2242 Desertum
736 2170 1008 2225 domiuumaudiens

113 2245 247 2307 fimilitei·
260 2248 368 2305 adiecta
386 2265 415 2303 et
431 2268 478 2303 ex·
574 2253 748 2308 Concubinus
768 2255 909 2310 Amorem.

92 2331 147 2386 isus
174 2331 314 2387 vocabuli
337 2330 400 2407 post
421 2353 476 2409 pro
529 2336 574 2390 mi
590 2357 604 2389 e
620 2339 771 2392 codicibus
789 2338 991 2413 recipiendum
1007 2340 1052 2398 cst.

92 2434 157 2490 gum
180 2418 251 2471 vide
274 2419 305 2472 iu
323 2418 403 2473 Obff.
427 2420 476 2472 W.
528 2422 626 2485 Amor,
643 2424 693 2496 qui
709 2423 786 2497 apud
802 2424 925 2476 eundem
942 2432 993 2493 44,
1014 2435 1051 2494 14

92 2532 149 2590 rm
192 2541 305 2593 numina
348 2541 476 2608 amanti)
530 2507 852 2584 dominaeappellatur,
878 2505 1052 2581 desertusest

97 2616 104 2633 ·
126 2623 179 2694 qui
203 2625 362 2678 amantium
378 2643 478 2677 curam
529 2612 545 2644 a
562 2592 694 2656 Manlio,
717 2592 784 2668 qui,
808 2607 962 2665 autequam
978 2613 1053 2648 uxo·

93 2658 477 2781 giuriamaperfidispuel·
529 2696 591 2730 iem
617 2676 751 2738 duceret,
775 2696 901 2753 puerum
923 2677 955 2732 in
978 2677 1050 2733 deli-

529 2762 582 2815 ciis
600 2762 751 2821 habuerat.
773 2764 823 2815 W.

572 2846 622 2903 60.
646 2869 711 2902 nam
734 2848 814 2902 donis
829 2848 948 2902 vincitur
963 2849 1052 2900 omnis

529 2937 627 3000 arator)
647 2930 677 2986 h.
702 2952 794 3007 quum
818 2926 948 3007 piimum
973 2930 1050 2985 dona

92 3010 172 3088 :iusta
187 3015 270 3087 lege)
294 3016 475 3091 Simpliciter
527 3017 668 3078 admittes,
686 3019 719 3072 tis
734 3017 803 3071 licet
815 3014 1051 3073 caliiffimafe'mi·

92 3100 220 3161 ratione,
243 3102 334 3156 modo
357 3101 474 3157 iniusto.
526 3122 578 3162 ua,
597 3116 693 3157 tamen
712 3101 782 3157 fides
798 3118 846 3157 tua
865 3100 956 3156 statim
972 3100 1050 3154 victe

91 3202 177 3238 otum
221 3204 293 3241 vcro
342 3186 474 3246 illorum,
528 3187 592 3241 erit.
644 3186 741 3243 Douis
772 3202 868 3240 autem
893 3202 921 3240 et
947 3204 1049 3238 muno·

113 3269 238 3325 eniculie
260 3271 307 3326 his
326 3270 476 3345 impertiri
526 3271 609 3326 ribus
639 3292 655 3325 a
683 3273 776 3326 divite
807 3278 935 3324 amatore
960 3268 1048 3323 millis

92 3374 137 3419 ar,
181 3354 338 3410 formulam
373 3354 475 3410 videre
526 3356 648 3431 aggredi
668 3357 798 3431 puellam
824 3375 896 3410 enus
919 3348 1048 3428 puteud'a

101 3442 233 3515 Propert.
251 3442 299 3503 iv,
315 3454 345 3512 5,
367 3457 402 3495 αι
415 3440 474 3514 sqq.
527 3440 571 3495 cll.
585 3462 674 3517 rapax
688 3462 761 3498 vero
777 3442 806 3498 lt.
822 3462 845 3495 c.
862 3458 947 3493 avara
965 3455 1048 3513 auus,

92 3541 157 3582 item
168 3524 392 3586 relictadicitur,
406 3542 474 3578 cum
526 3543 668 3601 quatenus
695 3543 723 3581 et
743 3527 802 3601 ipsa
824 3521 989 3578 mercedem
1013 3517 1047 3575 ab

92 3609 190 3666 ierfide
220 3628 364 3666 amentem
395 3609 471 3663 dele·
523 3626 650 3666 amatore
666 3612 780 3685 accipit.
801 3610 841 3664 Ἠ.
888 3604 1050 3671 Ηιιιιοῐειις

99 3697 155 3771 qni
183 3695 234 3752 sub
266 3696 334 3751 deae
364 3692 420 3750 fide
443 3710 472 3748 et
523 3696 585 3750 sum
606 3694 695 3749 iuess'e
719 3688 827 3757 video:
867 3710 934 3747 nam
956 3684 1048 3751 divei,

92 3783 110 3837 l·
140 3782 179 3837 11.
233 3782 294 3857 lpla
318 3782 409 3853 Veaus
431 3800 472 3833 re·
524 3794 627 3854 utpote
651 3779 705 3853 qui
728 3778 842 3835 divitiis
866 3776 924 3831 luis
943 3793 1044 3832 omues

91 3908 98 3931 ‚
129 3868 150 3920 st
171 3887 186 3922 e
208 3867 325 3922 duobus
349 3864 470 3919 amenti·
523 3866 549 3920 le
570 3861 681 3940 puellae
698 3860 863 3945 expugnare
880 3856 960 3941 poll‘e
976 3854 1045 3914 cou2

92 3952 153 4008 fad
180 3957 318 4007 mutuum
342 3968 471 4005 amorem
524 3948 590 4004 filet
615 3947 670 4008 est.
691 3958 748 4027 nef
767 3947 957 4022 lidue'ueque
982 3942 1044 4007 offi-

92 4054 168 4101 unt.
199 4053 285 4111 atque
310 4038 348 4090 ita
372 4036 472 4090 Veneri
524 4033 617 4089 ciosue
640 4030 684 4090 est.
707 4032 770 4088 vid.
798 4034 877 4091 Obff.
893 4030 1045 4087 Transito·

92 4123 146 4179 rid.
162 4122 215 4186 IV,
231 4131 263 4189 5,
283 4127 351 4189 13.)
370 4120 472 4187 dicuu-
524 4121 564 4175 At
587 4132 616 4172 tu
640 4116 772 4195 exempli
794 4118 869 4175 infra
890 4110 938 4192 69
958 4118 989 4178 l.
1014 4106 1043 4182 8i

92 4205 252 4264 etiterum
267 4206 377 4284 perfide
396 4204 471 4258 dele·
522 4214 573 4276 47.
597 4202 711 4261 exstent·
760 4206 833 4260 Usus
857 4219 954 4260 autem
978 4196 1046 4276 par·v

92 4292 154 4351 lem
181 4291 260 4347 sensu
279 4296 366 4350 Amor
381 4286 471 4364 deser·
522 4288 628 4344 ticulae
645 4288 777 4367 dpinter
795 4302 895 4365 poetae
911 4280 1046 4346 Tibullo,

92 2811 114 2843 u
140 2792 301 2848 ulciscatur.
324 2795 361 2847 11.
399 2792 479 2849 Ἔστι

92 2876 135 2939 tiae
143 2878 234 2952 Soph.
243 2875 334 2936 Eleu.
349 2889 416 2948 ²74·
427 2881 476 2936 W.

105 4374 263 4439 catullum
284 4376 395 4456 legitur
419 4376 470 4440 δι.
521 4374 599 4431 inter
616 4372 770 4431 hillerico·
786 4372 1055 4463 Teeit0·{rppupu2

441 4510 444 4515 ’
522 4460 645 4607 ‘aava’
