2536 4852
402 568 832 632 nvnnrusruru
917 528 920 537 ’
1128 593 1153 644 v
1224 591 1226 596 .

66 733 304 800 servationibus
324 732 459 807 adiectis
479 734 578 805 amici
598 759 720 805 nornen
732 738 932 808 subscribere
944 741 1051 808 visun
1066 745 1152 826 effa,

65 852 148 919 nibil
170 853 329 920 adderem
351 855 441 942 quod
463 878 531 922 non
552 856 621 945 ipse
641 832 842 961 probpturua
861 859 1151 949 suble-rideretur.

63 971 265 1038 lectionem·
286 974 413 1041 mutavi
440 988 551 1054 caute,
583 992 648 1044 neo
668 976 783 1044 nifrin
805 978 845 1045 iie
866 978 966 1060 luein,
988 958 1048 1048 ubi
1069 981 1153 1069 quid

64 1089 329 1159 Wunderlichio
372 1095 556 1190 placuiffet,
598 1095 683 1163 milri
724 1098 899 1165 confimat
960 1100 1154 1189 Acceperat

62 1185 345 1280 Wunderliobiur
366 1213 576 1282 collationem
597 1216 743 1283 duorum
762 1218 917 1284 codicum
931 1217 1155 1288 zwioenfium

60 1331 189 1396 seeundo
211 1330 341 1398 decimo
363 1334 478 1419 quinto
499 1335 698 1425 scriptorum
719 1360 744 1402 a
758 1335 979 1403 celeberrimo
992 1335 1150 1407 Goeren-

60 1451 114 1514 zio
135 1449 278 1537 benigne
299 1452 461 1533 oblatam,
481 1465 515 1519 et
534 1454 681 1521 ebradmn
699 1455 767 1522 viri
787 1455 1003 1523 collationem
1024 1455 1156 1523 codicia·

60 1568 211 1635 Gothani
246 1593 408 1660 perquam
442 1582 645 1655 accuratam,
681 1577 797 1663 palli'rn
833 1575 1071 1663 discrepantem
1106 1573 1150 1641 ub
1226 1554 1230 1562 ⁴

61 1711 116 1764 ea,
156 1712 220 1777 qua
248 1692 390 1757 Ioannes
421 1693 595 1759 Henricus.
615 1693 749 1762 Vofflue
782 1695 858 1761 niue
891 1695 951 1762 est.
1009 1693 1149 1789 Miserat

60 1808 159 1874 etiam
177 1810 355 1891 Gurlittuu,
375 1811 429 1878 vir
445 1812 641 1880 ductillimus
656 1812 952 1901 etliberulillimnt,
973 1813 1157 1901 exemplar·

58 1928 206 2006 Tibulli,
236 1930 272 1995 in
302 1952 367 2016 quo
396 1933 610 2023 manuscripti
630 1932 887 2020 Hamburgenfis
914 1931 1068 1998 lectiones
1092 1929 1147 1995 di-

57 2046 211 2132 ligentius
233 2060 406 2115 notaverat
429 2073 528 2137 quam
551 2051 629 2116 alias
651 2051 786 2118 factum.
835 2050 971 2117 Horum
992 2050 1146 2118 codicum

57 2163 214 2231 lectiones
240 2168 275 2231 in
305 2167 599 2236 Observationibua
626 2170 787 2249 indicavi,
815 2180 855 2234 ut
880 2167 1003 2234 fecerat
1022 2167 1146 2235 Wun-
1181 2221 1183 2224 ,

58 2282 254 2362 derlichiue,
276 2285 402 2352 adiecta
423 2287 539 2366 etiam,
558 2298 739 2377 praeeunte
755 2285 1032 2366 Wunderlichio,
1053 2285 1147 2353 varie

56 2402 200 2469 lectione
221 2417 428 2472 caeterorum
450 2407 621 2487 codicum,
642 2427 787 2493 quorum
809 2406 999 2471 collationes
1021 2404 1144 2494 publici

56 2521 140 2588 iuris
170 2521 248 2588 fecit
276 2525 416 2592 Ioannes
443 2525 612 2592 Henriouu
640 2524 772 2592 Voffius
800 2525 837 2590 in
866 2525 953 2591 notia
980 2523 1021 2590 ad
1052 2524 1144 2588 fuam

52 2639 185 2706 ‘ribulli
207 2642 398 2710 editionem.
448 2644 604 2733 Denique
625 2644 803 2712 dicendum
824 2643 1008 2721 elidere,
1041 2661 1144 2731 quam

56 2768 167 2824 tacere
193 2762 336 2827 mallem.
381 2762 448 2830 Vir
475 2765 673 2829 doctissimus
699 2762 828 2830 Bardili
854 2785 917 2852 pro
945 2759 1062 2850 insigni
1088 2763 1145 2826 sua

55 2877 254 2943 liberalitate
284 2884 396 2970 sponte
430 2882 594 2949 obtulerat
629 2881 895 2949 Wunderlichio
930 2880 1153 2946 collationem

57 2999 128 3061 ase
157 2997 286 3064 Parisiis
316 2998 456 3079 factam,
491 3014 524 3067 et
551 3002 587 3067 in
615 3000 735 3067 litteris
771 2999 813 3067 ad
841 2997 1144 3067 Wunderlichium

57 3114 139 3181 datis
167 3119 330 3182 nonnulla
360 3119 402 3184 de
438 3118 636 3186 editionibus
664 3119 793 3185 Tibulli
827 3115 1033 3211 principibus
1066 3134 1143 3179 mo·

56 3246 176 3301 nuernt
197 3237 329 3323 egregie
352 3236 525 3326 disputata.
574 3234 856 3302 Wunderliohiue
882 3241 1052 3322 acceperat
1078 3228 1143 3298 hoc

55 3342 203 3431 donum,
244 3376 349 3441 quum
380 3357 448 3421 iam
475 3353 606 3444 primae
640 3352 780 3443 paginae
810 3352 940 3419 Tibulli
970 3352 1143 3440 impressae

56 3475 171 3552 essent,
197 3475 307 3562 postea
328 3484 440 3540 tamen
464 3495 564 3560 quam
587 3471 735 3562 primum
755 3471 878 3561 potuit,
915 3493 956 3537 eo
985 3471 1061 3535 usus
1088 3467 1142 3545 est,

56 3603 93 3656 ut
115 3603 207 3681 patet
236 3615 277 3656 ex
299 3593 593 3660 observationibus
619 3591 659 3656 ad
682 3589 806 3656 librum
828 3590 988 3679 primum.
1048 3586 1143 3659 Haeo

55 3712 333 3800 praeplacuerunt
354 3711 537 3779 Huschkio.
579 3709 672 3796 Quid
692 3707 795 3795 igitur
816 3706 896 3772 illel
924 3705 1045 3772 Scribit
1066 3705 1142 3770 viro

56 3827 291 3910 honestiffimo,
318 3841 356 3896 ut
375 3830 431 3896 fibi
450 3829 648 3902 concederet
675 3828 827 3892 insnum
849 3826 960 3908 usum,
991 3845 1075 3912 quae
1095 3823 1143 3889 ita

55 3970 75 4011 a
95 3948 191 4016 nobie
213 3961 401 4036 acceperat,
430 3960 468 4015 ut
489 3948 569 4014 huic
590 3944 728 4015 editioni
755 3924 924 4013 insereret
979 3942 1046 4010 Vir
1073 3943 1143 4010 ela·

54 4066 196 4133 riffimus
217 4068 345 4135 Bardili
366 4068 525 4150 conceffit,
546 4067 684 4133 credent
698 4062 861 4131 Huschkii
881 4062 1002 4144 verbio,
1024 4085 1142 4131 eorum

55 4185 91 4253 in
112 4185 175 4251 hec
197 4185 341 4255 editione
361 4188 457 4252 usum
484 4186 616 4254 nullum
638 4187 700 4253 else
726 4185 826 4273 potse.
885 4181 1036 4251 Mirabar
1055 4183 1143 4263 sane,

55 4304 136 4394 quid
174 4304 239 4372 boe
282 4309 332 4374 rei
374 4308 473 4389 esset,
513 4305 627 4373 dicens
671 4301 968 4375 Wunderlicbium
999 4303 1041 4372 iia
1074 4302 1143 4368 iam

487 4403 491 4415 ¹
1037 4420 1144 4503 usunu
