2536 4852
10 9 1235 328 —.

486 430 492 439 .

290 578 665 640 rutartrlouas
694 577 876 642 HEYMI.
1080 588 1125 641 ¹1

33 764 140 816 autern
165 747 401 822 denuntiatle‘t,
430 747 575 812 rationes
595 748 666 811 suas
690 746 737 809 ita
757 742 865 822 ferre,
892 758 931 813 ut
947 744 1124 813 Tibullum
1204 745 1219 756 “’

32 857 86 920 snb
111 853 246 944 prelum
271 876 372 937 quam
392 853 541 940 primum
564 862 753 917 revocaret:
789 851 994 918 committere
1014 849 1123 929 nolui,

34 972 87 1036 ut,
112 973 272 1044 quantum
288 959 320 1027 in
335 982 389 1022 me
403 961 494 1033 esset,
517 967 586 1021 tam
601 977 719 1043 parurn
734 955 869 1020 honesto
883 980 941 1021 ore
956 967 989 1022 et
1007 954 1122 1023 habita

33 1065 154 1131 iterum
173 1063 326 1150 prodiret
346 1062 532 1152 splendidus
547 1059 677 1143 Eques,
697 1060 867 1138 Tibullus,
889 1083 955 1146 quo
971 1062 1122 1150 primum

31 1170 64 1235 in
83 1171 295 1256 conspectum
314 1180 460 1233 venerat.
504 1164 682 1249 Profligato
700 1167 810 1251 itaque
825 1165 970 1253 Virgilio
990 1177 1134 1254 partem·

31 1273 176 1359 aliquam
194 1273 252 1336 otii
271 1273 398 1338 Tibulli
414 1272 496 1336 olim
510 1267 591 1334 meis
608 1271 694 1334 curis
711 1271 852 1357 vulgati,
879 1294 934 1336 me
957 1294 1039 1337 vero
1060 1270 1123 1337 ab·
1171 1330 1175 1337 .

30 1381 119 1444 lente
142 1379 183 1443 ab
206 1378 316 1466 operis
343 1377 465 1454 excusl,
494 1374 680 1463 exemplari
699 1375 909 1441 emendando
926 1375 1123 1467 impendero

32 1485 194 1550 constitui.
240 1482 323 1562 Sed,
345 1482 434 1568 quod
448 1480 523 1545 fieri
538 1481 633 1559 solet,
657 1492 709 1559 ut,
730 1480 786 1545 ubi
801 1481 841 1545 ad
856 1480 1008 1570 pristinos
1023 1502 1122 1547 amo·

31 1613 84 1655 res
99 1589 260 1668 redieris,
281 1588 319 1652 iia
342 1587 463 1652 iterum
486 1586 673 1662 incalescas,
702 1585 792 1651 idem
815 1585 898 1651 mibi
920 1585 1054 1664 accidit,
1083 1595 1123 1651 ut

31 1693 160 1759 Tibulli
175 1693 349 1758 dulcedine
365 1692 447 1756 adeo
460 1714 614 1781 raperer,
635 1704 671 1757 ut
685 1693 786 1757 modo
800 1691 889 1758 bunc
901 1692 1003 1757 modo
1022 1691 1123 1759 illum

30 1797 143 1863 locum
162 1800 346 1862 accuratius
366 1811 576 1873 excuterem,
598 1800 779 1863 venustates
796 1818 978 1882 earumque
1000 1800 1122 1863 mussan

29 1925 256 1993 exponerem,
281 1904 355 1979 ¹hnc
383 1916 568 1983 mutarem,
606 1905 688 1969 illud
714 1904 873 1991 polirem,
908 1890 972 1967 alia
1001 1902 1120 1975 melius

29 2011 286 2086 constitueremc
305 2009 439 2075 tandem
454 2010 553 2077 etiam
568 2009 800 2076 adlectionem
816 2007 933 2099 poetae
949 2008 985 2073 in
1005 2008 1134 2073 multia.

29 2112 110 2178 locis
133 2113 376 2180 emendandam
397 2116 630 2204 progrederer.

117 2217 168 2283 Ut
181 2230 290 2285 autem
309 2244 392 2306 quae
408 2221 440 2285 in
455 2244 542 2286 nova
556 2222 617 2286 hac
631 2220 776 2286 editione
791 2232 925 2308 praeter
939 2219 1137 2289 correctio-i

29 2347 110 2390 nem
133 2346 269 2403 eorum,
300 2347 384 2410 quae
407 2325 441 2390 in
464 2326 579 2415 priore
594 2325 708 2391 vitiose
728 2323 1000 2403 excidasuerant,
1022 2348 1123 2414 prae-

29 2429 101 2493 stita
124 2430 205 2508 fint,
233 2430 353 2495 melina
374 2433 513 2510 constet,
538 2431 652 2522 paucis
682 2454 720 2498 ea
743 2431 778 2495 in
804 2429 916 2496 fronte
945 2431 1024 2496 libri
1053 2430 1136 2520 ipse.

30 2537 312 2602 commemorabo.
356 2537 508 2604 Primum
529 2518 633 2603 multa
652 2549 738 2602 aute
754 2536 886 2601 confilio
905 2536 979 2603 talio
998 2536 1123 2602 editio-

29 2640 80 2705 nia
101 2653 160 2706 aut
184 2642 224 2707 ab
251 2643 359 2708 officio
383 2644 461 2710 boni
492 2645 682 2734 interpretis
711 2643 818 2708 aliena
839 2643 982 2723 resecui,
1013 2642 1121 2711 adieci

30 2745 111 2827 alia,
146 2747 301 2836 inprimis
328 2751 363 2814 in
387 2749 660 2839 interpretatione
688 2761 720 2815 et
748 2750 966 2815 illustratione
992 2751 1122 2838 peitate,

29 2852 148 2936 quibua
163 2854 346 2939 elegantiae
359 2854 430 2920 eius
444 2878 483 2921 ac
497 2857 680 2923 venustatae
703 2877 885 2942 earumque
905 2857 1028 2922 cantiae
1044 2879 1121 2923 me·

29 2955 114 3022 liore
126 2960 203 3025 luce
218 2959 478 3041 illustrarentur3
507 2983 614 3048 neque
633 2961 711 3028 ideo
731 2959 840 3046 refugi
861 2982 999 3027 monere
1012 2962 1122 3028 inter·

31 3059 112 3128 dum
134 3085 192 3142 ea,
224 3087 308 3150 quae
329 3069 442 3155 paffim
464 3090 483 3132 a
504 3067 587 3134 viris
610 3066 714 3133 doctis
736 3067 772 3133 iu
791 3067 862 3133 aliis
885 3067 996 3147 libria,
1023 3078 1057 3133 et
1076 3065 1132 3132 ad.

30 3166 111 3233 elion
125 3181 296 3250 auctores,
317 3172 446 3261 copiose
460 3172 604 3261 exposita
616 3174 708 3251 sunt,
729 3172 784 3236 sed
803 3193 905 3257 quae.
936 3183 974 3238 ut
992 3171 1029 3238 iu
1050 3194 1123 3238 me·

31 3273 177 3339 moriam
190 3289 380 3357 revocaret,
404 3281 528 3345 neoeffe
542 3277 697 3345 videbam
712 3281 774 3343 etse
788 3278 835 3358 ei,
856 3277 913 3365 qui
929 3288 1053 3343 tantam
1074 3297 1121 3345 ex

31 3376 158 3447 Tibulli
174 3381 332 3463 lectione,
354 3395 512 3470 quantam
528 3383 622 3469 licet,
641 3385 846 3472 voluptatem
866 3405 986 3473 cupere
1006 3383 1120 3450 vellet.

33 3483 116 3552 Cum
142 3488 251 3575 itaque
279 3491 583 3579 circumspicerem,
610 3486 689 3576 quid
716 3488 876 3554 lectorem
907 3501 963 3555 aut
993 3500 1120 3566 tenera

35 3606 102 3674 aut,
127 3595 189 3659 nisi
205 3596 318 3660 annno
333 3595 368 3660 id
385 3595 452 3662 hoc
467 3596 536 3684 ipso
555 3594 714 3685 temporis
735 3603 926 3674 momento,
947 3615 1013 3679 quo
1025 3594 1121 3681 lege-

35 3711 97 3777 ret,
133 3700 383 3780 obversaretur,
413 3703 592 3792 voluptatia
613 3701 761 3768 fructum
784 3700 977 3767 deminuere
996 3700 1120 3790 poffeti

36 3801 132 3871 incidi
152 3806 189 3872 in
203 3809 275 3873 loca
290 3808 468 3887 nonnulla,
496 3830 580 3895 quae
600 3819 634 3872 et
653 3808 722 3895 ipse
740 3807 822 3873 olim
841 3805 998 3898 expedita
1014 3818 1050 3874 et
1061 3806 1128 3875 ina

35 3910 162 3983 ellectu
174 3910 285 3978 facilia
298 3927 511 4003 putaveram,
533 3914 700 4000 inquibus
714 3923 825 3981 tamen
849 3937 940 3982 nunc
962 3937 1021 3983 me
1038 3915 1126 3983 bae*

37 4018 312 4087 rere-sentiebam.
355 4020 417 4108 Egi
431 4043 564 4108 quoque
578 4021 659 4098 boc,
688 4031 723 4085 ut
741 4021 793 4087 ad
806 4043 862 4103 aa,
891 4021 1034 4108 quaein
1053 4020 1122 4090 Ti·

38 4115 122 4190 bullo
145 4126 320 4212 fingularia
342 4128 434 4204 tunt,
470 4138 526 4193 aut
548 4148 629 4193 raro
651 4126 767 4210 obvia,
802 4127 938 4216 lugentia
966 4127 1129 4205 animun}

39 4242 275 4298 converterem.
325 4230 522 4299 carminum
545 4247 739 4321 argumente
760 4234 896 4325 apposui
914 4235 963 4301 ita
982 4235 1120 4301 andoin·

39 4351 122 4417 nata,
144 4351 182 4406 ut
192 4337 322 4425 ,elegiae
337 4340 495 4425 cuiusque
511 4344 692 4423 summam,
713 4341 882 4411 confilium
897 4363 936 4411 uc
950 4341 1120 4434 praestan·

40 4438 110 4512 litm
132 4447 350 4536 cognoscere,
373 4447 431 4537 qui
446 4444 564 4535 veltet,
583 4450 696 4542 pollet.

1026 4549 1120 4621 tnu-
