2536 4852
97 584 135 637 n
424 562 580 628 ALBII
624 566 857 631 TIBVLLI

92 748 165 825 Me
175 734 353 819 retinent
366 740 552 816 vinetum
565 736 764 816 formosae
777 740 910 816 vincla
925 741 1086 842 puellae

152 880 201 951 Et
216 872 336 949 sedeo
356 872 475 948 duras
492 874 641 948 ianitor
658 888 749 947 anto
768 871 888 949 fores.

94 1007 195 1083 Non
215 1028 290 1105 ego
308 1004 465 1080 laudari
480 1030 604 1101 curo,
640 1028 728 1079 mea
742 1007 881 1096 Delia3
917 1021 1052 1083 tecum

100 1176 106 1203 ι
150 1136 390 1213 Dummodo
405 1134 489 1226 lim,
518 1133 685 1234 quaeso,
711 1135 840 1236 segnis
853 1138 1041 1238 inersque
1055 1166 1092 1215 tu

95 1232 361 1371 Telpectem',
387 1265 570 1370 suprema
587 1269 692 1343 mihi
710 1294 841 1367 quum
854 1273 1012 1345 venerit
1027 1272 1092 1347 ho]

151 1406 211 1474 Te
228 1415 383 1475 teneam
400 1402 577 1477 moriens
592 1397 801 1475 deficiente
817 1426 951 1477 manu

95 1532 227 1611 Flebis
243 1547 283 1605 et
298 1529 434 1609 arsuro
454 1530 633 1635 positum
648 1556 733 1621 me,
759 1533 898 1620 Delia,
927 1534 1044 1622 lecto,

155 1661 352 1739 Tristibus
372 1678 412 1737 et
427 1664 599 1739 lacrimis
618 1660 751 1740 oscula
765 1665 887 1737 mixta
906 1663 1039 1754 dabis3

96 1796 228 1873 Flebis
238 1823 249 1885 ;
279 1822 365 1873 non
382 1810 451 1873 tua
467 1793 561 1873 sunt
577 1794 681 1873 duro
698 1793 928 1900 praecordia
951 1794 1060 1874 ferro

1036 1928 1092 2004 Vi:

96 2117 134 2173 de
164 2117 263 2173 Iannia
287 2117 426 2175 Veterum
450 2132 475 2173 o.
503 2132 552 2191 29.
587 2117 621 2173 in
671 2118 782 2175 virtute
811 2118 844 2173 in
871 2114 952 2173 bello
981 2116 1092 2191 parare*

96 2202 183 2257 Thes.
209 2204 312 2258 Graev.
342 2203 376 2256 T.
400 2202 449 2259 Vl.
491 2220 522 2277 p.
548 2212 618 2274 509·
669 2204 757 2259 etiarn
786 2203 849 2257 laus
866 2220 922 2277 pro
944 2200 1055 2255 virtute
1079 2218 1092 2254 e

95 2282 240 2342 Similiter
259 2286 292 2342 iu
311 2284 413 2342 culice
427 2295 478 2355 82.
669 2289 779 2343 umine
794 2285 958 2363 saepiffinae.
980 2284 1017 2342 cl.
1031 2283 1085 2338 inf.

139 2370 218 2435 Νθῐῑι
228 2368 331 2445 spoliis
346 2368 521 2445 clunisuncta
536 2371 619 2427 deum
669 2380 721 2441 88.
765 2374 807 2426 Ut
828 2373 863 2426 ad
886 2370 1056 2425 suavitatem
1072 2370 1092 2422 [ε

234 2454 411 2528 fulgentibus
423 2470 505 2511 ornet
668 2458 745 2511 tium
762 2457 908 2519 versuum,
929 2454 966 2508 ad
982 2452 1090 2527 quoad

142 2540 262 2612 Templo
268 2566 618 2599 -----
669 2555 718 2594 tur
734 2560 765 2594 ea
781 2541 976 2613 cogitatione,
999 2536 1082 2610 quod

139 2621 294 2697 Adversum
316 2620 410 2697 saeuis
439 2622 513 2680 ultro
534 2628 618 2701 eaput
668 2624 705 2679 ad
715 2640 842 2679 mortem
857 2644 925 2679 cum
941 2644 972 2678 ea
984 2622 1089 2677 vivero

233 2702 356 2780 hostibus
372 2706 465 2780 offert.
666 2709 886 2785 percipiendum
910 2709 1023 2763 animoa
1046 2708 1092 2761 ini

137 2791 190 2860 56.
211 2791 254 2848 Et
263 2788 371 2867 sedeo)
397 2792 437 2846 Ut
450 2794 615 2869 perspicias,
671 2795 851 2857 excitemus,
881 2792 988 2849 netelle
1009 2790 1092 2845 vix«

97 2895 184 2950 quam
203 2875 357 2931 commode
373 2874 424 2929 hie
441 2880 539 2934 verius
554 2880 618 2935 lub·
670 2878 782 2931 laudari
813 2898 877 2932 curo
908 2878 1015 2933 Graece
1046 2870 1092 2929 otis*

94 2961 225 3024 iioiatur,
246 2958 491 3017 reminiscendum
510 2962 556 3025 eli,
578 2965 621 3016 ia·
667 2960 777 3016 σπεύδω
824 2962 904 3037 apud
947 2960 1074 3015 Theocr.

96 3045 209 3100 nitores
232 3044 328 3101 servos
349 3048 457 3102 catenis
474 3048 558 3102 fniffe
574 3048 619 3101 fo·
673 3054 721 3111 ³5.
745 3048 796 3103 W.

95 3126 181 3183 ribus
211 3126 356 3203 alligatos.
407 3131 456 3185 Sic
486 3130 616 3188 Ovidius
713 3129 762 3198 63.
773 3128 879 3204 Flebis)
893 3128 1090 3205 Repetitionia

95 3212 162 3269 Am.
187 3216 219 3275 1,
237 3208 273 3275 6,
296 3232 321 3265 ι.
668 3216 738 3275 ulus
760 3215 797 3270 eil
811 3213 949 3271 Tibullus
969 3232 1029 3268 uon
1047 3232 1092 3266 ma

139 3298 261 3359 Ianitor,
284 3298 447 3373 iudignum.
470 3299 540 3356 dura
553 3302 618 3355 reli·
667 3300 801 3357 animum
830 3299 1079 3356 commovendum

260 3396 328 3457 gato
343 3398 451 3439 catena.
668 3383 705 3437 ad
728 3383 879 3440 sententiaa
903 3382 1048 3457 eleganter
1074 3378 1092 3436 ῐι

94 3466 171 3523 Cum
201 3466 260 3521 laoe
290 3468 386 3539 igitur
415 3484 564 3544 comparat
591 3469 618 3526 le
670 3469 901 3533 connectendas,
930 3468 970 3523 ita
994 3483 1028 3522 ut
1050 3485 1092 3542 pai

92 3550 210 3627 puellae
224 3551 409 3606 servientem.
669 3572 736 3607 num
759 3555 928 3609 evitaretur.
980 3551 1057 3610 Vide
1080 3554 1092 3605 l

140 3648 188 3703 57.
220 3636 288 3691 Non
316 3655 369 3711 ego
399 3638 513 3693 laudari
533 3638 619 3710 curo)
650 3656 752 3692 ¹ruitur
768 3638 935 3712 exemplum
953 3638 984 3699 1.
1000 3648 1035 3702 5,
1052 3648 1092 3703 5.:

93 3720 252 3776 Livineius
274 3737 303 3775 et
323 3718 377 3777 alii
399 3723 433 3777 de
448 3722 618 3777 laudatione
670 3722 1007 3795 depofituraverborum
1015 3730 1092 3775 nont

94 3820 283 3860 mortuorum
294 3806 468 3879 prorostris,
482 3806 617 3863 Broulilr.
671 3804 751 3861 obss.
767 3806 802 3862 ad
821 3810 851 3869 1,
873 3821 901 3870 2,
921 3821 971 3873 50.
993 3807 1044 3861 W.

95 3888 133 3945 de
147 3886 318 3944 laudatione
336 3890 463 3947 eastreuli
476 3910 533 3965 pro
549 3908 618 3946 oon·
714 3890 763 3959 65.
786 3892 825 3964 lq.
848 3890 929 3965 ferro
950 3893 1066 3957 vincte)
1088 3890 1092 3941 ἶ

94 3973 182 4031 oione
197 3971 349 4047 intelligit,
371 3977 457 4031 ouius
471 3974 619 4031 iudicium
669 3976 839 4051 praecordia
848 3977 998 4051 delignari,
1011 3994 1092 4030 nom<

95 4058 184 4113 otiam
205 4056 332 4133 Vulpius
355 4059 494 4133 loquitur.
547 4060 619 4115 Nou
669 4076 719 4115 tet.
741 4062 838 4117 Notus
849 4062 873 4115 is
882 4058 1092 4135 loquendimoi

94 4142 205 4205 tileo,
240 4162 294 4197 cur
316 4158 374 4197 tana
398 4144 485 4198 arctis
512 4141 620 4199 linibus
670 4144 771 4201 llrstus
786 4164 905 4219 quoque
922 4145 1048 4220 copiose,
1064 4162 1092 4199 ιιι

45 4228 49 4233 ’
93 4224 185 4283 huius
204 4226 288 4283 vocis
303 4224 480 4299 fignificatus
495 4228 621 4284 circum·
671 4229 892 4285 aBroulrliufio
918 4246 947 4285 et
968 4228 1045 4287 aliia.

93 4310 264 4367 scribendus
284 4312 327 4365 fit·
371 4312 434 4385 Cur
447 4330 509 4367 non
521 4314 622 4387 potius
672 4316 840 4388 quaeritur,
865 4315 937 4389 quid
954 4318 985 4370 lit
995 4311 1077 4387 ferro

96 4394 145 4459 sii.
168 4395 293 4453 omnino
311 4392 431 4453 laudern
448 4412 479 4455 et
495 4394 623 4474 gloriam
671 4414 703 4457 et
724 4400 990 4476 quantummodo
1012 4398 1047 4455 id
1070 4400 1092 4454 d
