2536 4852
117 470 203 584 32*
462 499 624 566 -eLnu
665 494 899 565 rrnvnnr

130 692 233 772 Non
257 680 339 791 ego¹
356 699 395 759 te
416 679 574 784 pulsare
601 678 748 768 velim,
776 674 845 753 sed
864 676 1024 753 venerit
1045 672 1119 753 iste

191 823 234 900 Si
252 819 387 908 furor,
418 817 595 920 optarim
614 838 700 890 non
713 810 891 891 habuisse
904 836 1058 889 manus.

132 958 223 1035 Nec
239 952 355 1031 saevo
374 949 421 1028 fis
437 947 537 1025 casta
554 963 688 1037 metu,
719 943 788 1023 sed
802 963 938 1023 mente
951 944 1089 1038 fideli3
1178 958 1231 1040 75

193 1092 369 1168 Mutuus
394 1081 545 1159 absenti
566 1095 605 1155 te
625 1082 730 1158 mihi
753 1080 884 1159 servet
898 1103 1023 1157 amor.

136 1223 315 1319 nequae
341 1216 426 1293 fida
446 1213 525 1292 fuit
540 1214 664 1305 nulli,
694 1212 801 1315 post,
835 1215 940 1290 victa
953 1210 1120 1305 senecta,

194 1353 321 1430 Ducit
336 1351 457 1451 inops
473 1348 645 1425 tremula
662 1344 829 1423 stamine
840 1362 945 1426 torta
960 1372 1099 1436 manu,

134 1491 349 1585 Firmaque
371 1481 581 1558 conductis
603 1482 777 1557 annectit
797 1483 891 1559 licie
918 1482 1024 1572 telis,

1075 1616 1237 1689 Tracte-

136 1820 217 1879 nrin
231 1814 306 1873 urbe
318 1816 414 1871 Rome
427 1812 493 1871 viee
508 1814 569 1871 sere
584 1829 666 1873 erent
758 1824 808 1885 74.
837 1816 874 1874 es.
897 1816 989 1875 oete.
1007 1816 1032 1871 1.
1047 1815 1114 1872 Am.
1131 1828 1167 1879 7.
1185 1824 1237 1879 23.

136 1902 277 1961 declivee.
297 1903 335 1955 H.
381 1899 450 1972 Qui,
476 1897 533 1955 fide
549 1900 664 1975 puellae
715 1909 764 1974 24.
808 1904 947 1979 Arguunt
971 1898 1021 1957 vel
1051 1898 1107 1955 heo
1132 1894 1239 1952 emine·

139 1988 286 2063 obligate.
315 1984 391 2041 elius
420 2003 520 2040 emore
544 1986 664 2047 sredtur,
712 2008 779 2042 rum
800 1986 995 2064 pulsationee.
1024 1986 1110 2042 cuiue
1135 1981 1239 2039 condi·

136 2075 166 2131 ie
184 2093 298 2149 peecare
321 2069 454 2145 legitime
477 2069 537 2127 sere
553 2071 663 2126 dicitur
712 2073 804 2129 tionie
827 2071 896 2129 illae
911 2072 1037 2135 suerint,
1047 2072 1051 2077 ’
1061 2090 1115 2125 nec
1132 2069 1169 2123 de
1185 2086 1239 2124 no·

139 2160 199 2221 lv,
215 2165 263 2228 14.
274 2176 310 2217 -,ι.
330 2158 355 2218 1.
374 2172 410 2229 9,
426 2168 477 2224 25.
497 2158 545 2211 De
561 2157 661 2211 fructu
710 2156 773 2214 sirie
788 2158 931 2214 metronie
944 2154 994 2214 vel
1007 2152 1146 2231 ingenuie
1155 2150 1240 2227 puel·

138 2242 263 2305 Venerie
289 2239 412 2298 eandem
432 2261 538 2297 vocem
563 2242 660 2317 eceipe
714 2242 752 2299 lis
768 2242 820 2300 hie
834 2242 1025 2319 cogitandum
1040 2240 1103 2296 esso.
1131 2238 1238 2295 Liber·

138 2330 200 2393 lv.
221 2342 258 2392 ¹7.
281 2345 310 2402 9·
330 2354 374 2371 —
417 2325 562 2383 Similiter
582 2327 665 2400 eulpa
715 2328 792 2384 tinae
815 2344 897 2385 erent
920 2345 970 2383 eut
986 2326 1158 2403 peregrinae
1172 2342 1239 2377 mu·

140 2412 306 2474 devenere
323 2410 436 2469 illicite.
457 2414 525 2467 Teo.
541 2415 617 2467 Ann.
633 2424 664 2478 ὅ,
714 2413 819 2479 lieret,
850 2432 975 2489 querum
998 2429 1113 2467 emoree
1136 2406 1240 2465 tenori

140 2506 192 2570 24.
213 2498 317 2552 Horat.
343 2496 400 2552 od.
425 2512 461 2565 ὅ,
486 2497 523 2560 6,
551 2511 599 2563 ι7.
621 2521 665 2537 -
713 2498 861 2575 perleges
876 2498 992 2557 licebat.

136 2584 333 2660 proripiarque
345 2600 375 2653 p.
388 2584 448 2636 vias
460 2601 516 2656 pro
527 2581 662 2657 vulgari:
759 2583 809 2653 76.
834 2596 862 2640 te
883 2584 951 2639 milei
962 2583 1075 2659 seruet)
1096 2580 1130 2637 lt,
1146 2603 1173 2640 e.
1192 2598 1239 2635 ee·

138 2686 194 2743 per
225 2665 298 2723 viee.
356 2666 536 2721 Graecorum
572 2667 663 2722 verbe
713 2668 781 2723 siem
810 2685 838 2725 te
865 2670 995 2746 preesset.
1051 2669 1101 2724 De
1127 2682 1240 2723 mutere

137 2768 240 2807 motue
285 2747 473 2805 construendi
516 2752 662 2807 rationem
714 2754 899 2810 distinetione
923 2755 960 2809 es.
982 2750 1063 2810 Obss.
1079 2752 1131 2809 W.

17 2876 22 2901 .
75 2862 80 2877 ·
139 2835 260 2893 observe
275 2835 307 2890 in
321 2831 444 2889 Tibullo
461 2833 579 2891 Greeoie
593 2855 663 2891 eon·
753 2852 804 2906 77.
826 2839 1048 2915 Aequeestda)
1069 2842 1166 2895 Sneve
1180 2836 1243 2915 epi·

139 2919 350 2976 liruetionibue
392 2919 509 2993 perciue
551 2935 662 2977 utente.
713 2923 888 2996 grammaire
902 2922 1031 2999 puellam
1047 2922 1122 2978 olim
1139 2924 1238 3000 super·

137 3003 231 3081 δορὴ.
253 3005 320 3058 Ant.
338 3011 410 3071 877·
714 3006 798 3072 bem,
833 3008 899 3085 post
926 3005 1096 3063 derelictem
1121 3024 1151 3064 et
1173 3026 1238 3083 ege·

208 3086 365 3163 eoloiopur
379 3082 485 3159 ἄγομαι
498 3085 577 3145 eert'
593 3086 667 3145 erol-
712 3112 780 3147 nem
810 3091 844 3148 in
873 3091 997 3149 Androl.
1027 3093 1079 3152 Gr.
1116 3094 1153 3152 Τ.
1182 3090 1235 3152 Νι

23 3243 25 3247 ¹
347 3193 404 3244 pue
420 3172 496 3229 ὁδόν.
711 3197 741 3253 p.
764 3185 834 3249 ¹54·
856 3176 958 3234 exiiet:

136 3254 247 3314 Eleon.
258 3256 349 3327 1163.
371 3260 513 3330 πεμφθεὶς
529 3257 665 3327 nescisses
742 3261 784 3323 Ἡ,
795 3262 828 3319 el
846 3266 912 3339 πρὶν
931 3258 1076 3334 ailinane
1096 3260 1237 3343 πολυχρῦε

135 3339 306 3407 δεινοτάτας.
326 3344 377 3402 W·
705 3346 709 3355 “
882 3370 942 3412 σοις
960 3347 1006 3405 ἐπ’
1026 3347 1167 3423 ἐρασταῖς,

757 3432 801 3503 ,Ἦ
815 3436 937 3509 Νέμεσιν
952 3434 1044 3508 δεινὴν
1060 3432 1108 3508 titi
1125 3435 1236 3497 elem

181 3526 231 3582 73.
252 3516 321 3570 Non
335 3545 377 3558 -
392 3514 500 3584 velim)
522 3517 659 3577 Comme·
882 3523 962 3590 θεόν,

134 3615 247 3655 morata
263 3619 375 3674 poenae
391 3603 457 3657 suae
469 3604 658 3669 contumelia.
741 3610 862 3668 Μίσθια
879 3611 928 3665 νῦν
941 3605 1081 3672 ono-‘llere
1096 3608 1234 3686 ereroeoei'c

133 3683 169 3738 in
195 3684 357 3759 suspicione
380 3684 478 3761 alique
499 3687 658 3757 subeunde,
879 3695 1040 3767 πηνίσματα
1056 3694 1146 3769 κρύει.
1217 3736 1221 3743 -

133 3767 326 3833 admonetur,
348 3788 397 3834 ut,
423 3772 466 3836 se,
495 3772 656 3849 suspicione
763 3774 1232 3856 'Only’'10nroio1(inoere'2es,·,

132 3848 205 3907 fidei
237 3852 313 3909 mele
341 3875 358 3908 e
384 3856 472 3913 Delie
508 3858 656 3939 praestitae
879 3878 961 3916 σατυ.
994 3862 1044 3916 W.

50 3934 53 3941 '
132 3935 257 3999 iniecta,
286 3941 424 3999 manibue
442 3942 476 3999 in
499 3963 561 3999 cem
581 3961 655 4001 tem·
749 3960 799 4021 79.
828 3949 977 4023 Firmaque
1008 3943 1151 4001 conductis
1178 3962 1229 4001 ee·

128 4041 231 4098 perere
263 4023 356 4086 velle,
389 4028 553 4101 promittet.
605 4032 654 4088 De
704 4037 792 4089 nectit
809 4033 877 4091 licie
896 4033 981 4101 telis)
1003 4032 1042 4086 ait
1055 4024 1141 4081 illem
1157 4046 1228 4105 oper

128 4126 213 4165 more
232 4125 338 4164 emetee
352 4109 487 4183 pulsandi
500 4112 536 4169 es.
553 4116 584 4178 Ι,
603 4136 652 4181 ιο,
702 4138 749 4173 ree
777 4116 898 4173 diurnae
924 4111 1062 4173 texendae
1086 4110 1161 4171 telee
1181 4110 1227 4169 le·

130 4203 180 4261 55.
204 4204 254 4268 59.
282 4194 333 4261 ⁶5.
368 4209 396 4249 et
414 4195 518 4253 Horat.
542 4198 600 4255 od.
625 4205 650 4267 Ι,
702 4221 777 4260 cere.
830 4204 928 4261 Talem
955 4195 1027 4255 M
1055 4216 1112 4274 pro
1142 4198 1229 4273 iuge.

131 4291 189 4347 ιδ,
214 4296 245 4354 9.
271 4297 320 4336 ιο.
343 4292 373 4335 et
397 4276 489 4338 ovid.
509 4282 650 4351 Amonl,
700 4287 787 4363 super
821 4304 881 4361 quo
908 4283 1017 4339 slemen
1044 4284 1226 4349 extenditur,

127 4376 156 4430 7·
176 4364 229 4422 W·
700 4367 1226 4512 accipituroukhufiueffleremffi
